<?xml version="1.0" encoding="UTF-8"?>
<?xml-stylesheet type="text/xsl" href="https://www.revistas.usp.br/lib/pkp/xml/oai2.xsl" ?>
<OAI-PMH xmlns="http://www.openarchives.org/OAI/2.0/" xmlns:xsi="http://www.w3.org/2001/XMLSchema-instance" xsi:schemaLocation="http://www.openarchives.org/OAI/2.0/ http://www.openarchives.org/OAI/2.0/OAI-PMH.xsd">
<responseDate>2023-08-07T14:50:31Z</responseDate>
<request verb="ListRecords" metadataPrefix="marcxml" set="actafisiatrica">https://www.revistas.usp.br/actafisiatrica/oai</request>
<ListRecords>
<record>
<header>
<identifier>oai:revistas.usp.br:article/169835</identifier>
<datestamp>2022-02-01T13:27:52Z</datestamp>
<setSpec>actafisiatrica:Art.+Orig.</setSpec>
<setSpec>driver</setSpec>
</header>
<metadata>
<record xmlns="http://www.loc.gov/MARC21/slim" xmlns:xsi="http://www.w3.org/2001/XMLSchema-instance" xsi:schemaLocation="http://www.loc.gov/MARC21/slim http://www.loc.gov/standards/marcxml/schema/MARC21slim.xsd">
<leader>     nmb a2200000Iu 4500</leader>
<controlfield tag="008">"210930 2021                        eng  "</controlfield>
<datafield tag="022" ind1="#" ind2="#">
<subfield code="$a">2317-0190</subfield>
</datafield>
<datafield tag="022" ind1="#" ind2="#">
<subfield code="$a">0104-7795</subfield>
</datafield>
<datafield tag="042" ind1=" " ind2=" ">
<subfield code="a">dc</subfield>
</datafield>
<datafield tag="245" ind1="0" ind2="0">
<subfield code="a">Efeitos de um programa de exercícios físicos baseado no método Pilates solo sobre a atividade física, capacidade locomotora e qualidade de vida em homens com amputação de membro inferior</subfield>
</datafield>  <datafield tag="720" ind1="1" ind2=" ">
<subfield code="a">Rudolpho, Sara Maria Soffiatti</subfield>
<subfield code="u">Universidade do Estado de Santa Catarina - UDESC</subfield><subfield code="0">https://orcid.org/0000-0002-5365-8821</subfield></datafield>
<datafield tag="720" ind1="1" ind2=" ">
<subfield code="a">Luza, Lisiane Piazza</subfield>
<subfield code="u">Universidade do Estado de Santa Catarina - UDESC</subfield><subfield code="0">http://orcid.org/0000-0002-5684-7388</subfield></datafield>
<datafield tag="720" ind1="1" ind2=" ">
<subfield code="a">Pires, Greicy Kelly Wosniak</subfield>
<subfield code="u">Universidade do Estado de Santa Catarina - UDESC</subfield><subfield code="0">https://orcid.org/0000-0001-5032-0852</subfield></datafield>
<datafield tag="720" ind1="1" ind2=" ">
<subfield code="a">Silva, Franciele Cascaes da</subfield>
<subfield code="u">Universidade do Estado de Santa Catarina - UDESC</subfield><subfield code="0">https://orcid.org/0000-0002-4444-9403</subfield></datafield>
<datafield tag="720" ind1="1" ind2=" ">
<subfield code="a">Lima, David Braga de</subfield>
<subfield code="u">Universidade do Estado de Santa Catarina - UDESC</subfield><subfield code="0">http://orcid.org/0000-0002-2505-1133</subfield></datafield>
<datafield tag="720" ind1="1" ind2=" ">
<subfield code="a">Oliveira, Laiana Cândido de</subfield>
<subfield code="u">Universidade do Estado de Santa Catarina - UDESC</subfield><subfield code="0">http://orcid.org/0000-0003-0201-7394</subfield></datafield>
<datafield tag="720" ind1="1" ind2=" ">
<subfield code="a">Caviquioni, Thamara</subfield>
<subfield code="u">Universidade do Estado de Santa Catarina - UDESC</subfield><subfield code="0">http://orcid.org/0000-0003-0733-0849</subfield></datafield>
<datafield tag="720" ind1="1" ind2=" ">
<subfield code="a">Silva, Rudney da</subfield>
<subfield code="u">Universidade do Estado de Santa Catarina - UDESC</subfield><subfield code="0">http://orcid.org/0000-0002-9386-0039</subfield></datafield>
<datafield tag="520" ind1=" " ind2=" ">
<subfield code="a"> Objetivo:  Avaliar os efeitos de um programa de exercícios físicos de 12 semanas baseado no método Pilates Solo sobre atividade física, equilíbrio, capacidade locomotora e qualidade de vida em homens com amputação unilateral de membro inferior. Método: Participaram do estudo 14 pessoas com amputação unilateral de membro inferior, divididos em 2 grupos: Grupo Intervenção – GI (participantes expostos ao protocolo de exercícios baseados no método Pilates Solo) e Grupo Controle – GC (participantes não expostos ao protocolo de exercícios baseados no método Pilates Solo). Foram aplicados os seguintes instrumentos: a) ficha para caracterização dos participantes; b) Physical Activity Scale for Individuals with Physical Disabilities (PASIPD); c) Escala de Equilíbrio de Berg; d) Medida Funcional para Amputados (MFA); e e) Short Form Health Survey (SF-36). Os dados foram analisados por meio da estatística descritiva e inferencial sendo considerados significativos os resultados com p menor ou igual a 0,05. Resultados: Com base nas análises foi possível observar diferença significativa no equilíbrio após o período experimental (p=0,008), a favor do grupo intervenção. Além disso, pode-se observar diferença significativa na média do grupo intervenção para equilíbrio e para aspectos físicos na qualidade de vida (SF-36), assim como o d de Cohen mostrou efeitos de grande magnitude sobre essas variáveis. Conclusão: Logo, os resultados apresentam efeitos positivos na prática do programa de exercícios físicos sobre o equilíbrio dinâmico e estático e na qualidade de vida de pessoas amputadas. </subfield>
</datafield>
<datafield tag="260" ind1=" " ind2=" ">
<subfield code="b">Faculdade de Medicina, Universidade de São Paulo</subfield>
</datafield>
<dataField tag="260" ind1=" " ind2=" ">
<subfield code="c">2021-09-30 00:00:00</subfield>
</dataField>   <datafield tag="856" ind1=" " ind2=" ">
<subfield code="q">application/pdf</subfield>
</datafield>
<datafield tag="856" ind1="4" ind2="0">
<subfield code="u">https://www.revistas.usp.br/actafisiatrica/article/view/169835</subfield>
</datafield>  <datafield tag="786" ind1="0" ind2=" ">
<subfield code="n">Acta Fisiátrica; v. 28 n. 3 (2021)</subfield>
</datafield>  <datafield tag="546" ind1=" " ind2=" ">
<subfield code="a">por</subfield>
</datafield>   <datafield tag="540" ind1=" " ind2=" ">
<subfield code="a">Copyright (c) 2021 Acta Fisiátrica</subfield>
</datafield>
</record>
</metadata>
</record>