
<record>
<header>
<identifier>oai:revistas.usp.br:article/170112</identifier>
<datestamp>2022-06-28T17:50:22Z</datestamp>
<setSpec>actafisiatrica:Art.+Orig.</setSpec>
<setSpec>driver</setSpec>
</header>
<metadata>
<record xmlns="http://www.loc.gov/MARC21/slim" xmlns:xsi="http://www.w3.org/2001/XMLSchema-instance" xsi:schemaLocation="http://www.loc.gov/MARC21/slim http://www.loc.gov/standards/marcxml/schema/MARC21slim.xsd">
<leader>     nmb a2200000Iu 4500</leader>
<controlfield tag="008">"220331 2022                        eng  "</controlfield>
<datafield tag="022" ind1="#" ind2="#">
<subfield code="$a">2317-0190</subfield>
</datafield>
<datafield tag="022" ind1="#" ind2="#">
<subfield code="$a">0104-7795</subfield>
</datafield>
<datafield tag="042" ind1=" " ind2=" ">
<subfield code="a">dc</subfield>
</datafield>
<datafield tag="245" ind1="0" ind2="0">
<subfield code="a">Avaliação postural: avaliação quantitativa da postura estática de crianças de seis a dez anos de idade</subfield>
</datafield>  <datafield tag="720" ind1="1" ind2=" ">
<subfield code="a">Souza, Tiago Gomes de</subfield>
<subfield code="u">Universidade Federal do Vale do São Francisco</subfield></datafield>
<datafield tag="720" ind1="1" ind2=" ">
<subfield code="a">Valle, Ian Mazzetti Rodrigues</subfield>
<subfield code="u">Universidade Federal do Vale do São Francisco</subfield></datafield>
<datafield tag="720" ind1="1" ind2=" ">
<subfield code="a">Batista, Ingrid Thaiane Soares</subfield>
<subfield code="u">Universidade Federal do Vale do São Francisco</subfield></datafield>
<datafield tag="720" ind1="1" ind2=" ">
<subfield code="a">Gomes, Lara Elena</subfield>
<subfield code="u">Universidade Federal de Santa Catarina</subfield></datafield>
<datafield tag="720" ind1="1" ind2=" ">
<subfield code="a">Carvalho, Rodrigo Gustavo da Silva</subfield>
<subfield code="u">Universidade Federal do Vale do São Francisco</subfield></datafield>
<datafield tag="520" ind1=" " ind2=" ">
<subfield code="a"> A avaliação da postura corporal estática de crianças permite identificar e prevenir desordens musculoesqueléticas no estágio inicial. Objetivo: Avaliar a postura estática de alunos de uma escola pública, comparando a postura entre as faixas etárias e entre os sexos. Métodos: A amostra foi composta por 130 escolares (62 do sexo masculino e 68 do sexo feminino), os quais tinham entre 6 e 10 anos de idade. Cada escolar foi fotografado nas vistas anterior, posterior e lateral direita, e o registro fotográfico foi analisado por meio do Software de Avaliação Postural (SAPo). Resultados: Somente foi encontrada diferença entre os sexos no ângulo do tornozelo, além de interação entre sexo e faixa etária. Em relação à idade, o alinhamento horizontal dos acrômios e o alinhamento horizontal da cabeça foram diferentes entre 6-7 e 9 anos. O alinhamento horizontal da cabeça, o alinhamento horizontal das espinhas ilíacas ântero-superior (EIAS) e o alinhamento sagital do membro inferior também apresentaram interação significativa entre sexo e idade. Conclusão: Em média, a maioria dos resultados demonstra que há um alinhamento vertical e uma simetria horizontal nos ângulos analisados, com exceção do alinhamento sagital do membro inferior, do ângulo do tornozelo e do alinhamento sagital do corpo que não demostraram um alinhamento próximo do ideal. Logo, os escolares avaliados apresentam uma boa saúde musculoesquelética. </subfield>
</datafield>
<datafield tag="260" ind1=" " ind2=" ">
<subfield code="b">Faculdade de Medicina, Universidade de São Paulo</subfield>
</datafield>
<dataField tag="260" ind1=" " ind2=" ">
<subfield code="c">2022-03-31 00:00:00</subfield>
</dataField>   <datafield tag="856" ind1=" " ind2=" ">
<subfield code="q">application/pdf</subfield>
</datafield>
<datafield tag="856" ind1=" " ind2=" ">
<subfield code="q">application/pdf</subfield>
</datafield>
<datafield tag="856" ind1="4" ind2="0">
<subfield code="u">https://www.revistas.usp.br/actafisiatrica/article/view/170112</subfield>
</datafield>  <datafield tag="786" ind1="0" ind2=" ">
<subfield code="n">Acta Fisiátrica; v. 29 n. 1 (2022)</subfield>
</datafield>  <datafield tag="546" ind1=" " ind2=" ">
<subfield code="a">por</subfield>
</datafield>   <datafield tag="540" ind1=" " ind2=" ">
<subfield code="a">Copyright (c) 2022 Acta Fisiátrica</subfield>
</datafield>
</record>
</metadata>
</record>