
<record>
<header>
<identifier>oai:revistas.usp.br:article/170355</identifier>
<datestamp>2023-04-17T17:41:07Z</datestamp>
<setSpec>actafisiatrica:Art.+Orig.</setSpec>
<setSpec>driver</setSpec>
</header>
<metadata>
<record xmlns="http://www.loc.gov/MARC21/slim" xmlns:xsi="http://www.w3.org/2001/XMLSchema-instance" xsi:schemaLocation="http://www.loc.gov/MARC21/slim http://www.loc.gov/standards/marcxml/schema/MARC21slim.xsd">
<leader>     nmb a2200000Iu 4500</leader>
<controlfield tag="008">"221228 2022                        eng  "</controlfield>
<datafield tag="022" ind1="#" ind2="#">
<subfield code="$a">2317-0190</subfield>
</datafield>
<datafield tag="022" ind1="#" ind2="#">
<subfield code="$a">0104-7795</subfield>
</datafield>
<datafield tag="042" ind1=" " ind2=" ">
<subfield code="a">dc</subfield>
</datafield>
<datafield tag="245" ind1="0" ind2="0">
<subfield code="a">Avaliação muscular do joelho e funcional de membros inferiores de jovens atletas de voleibol do sexo feminino</subfield>
</datafield>  <datafield tag="720" ind1="1" ind2=" ">
<subfield code="a">Rodrigues, Ana Paula</subfield>
<subfield code="u">Universidade de Caxias do Sul</subfield></datafield>
<datafield tag="720" ind1="1" ind2=" ">
<subfield code="a">Fabian, Geiziane de Fátima</subfield>
<subfield code="u">Universidade de Caxias do Sul</subfield></datafield>
<datafield tag="720" ind1="1" ind2=" ">
<subfield code="a">Cecconi, Matheus Pauletti</subfield>
<subfield code="u">Universidade de Caxias do Sul</subfield></datafield>
<datafield tag="720" ind1="1" ind2=" ">
<subfield code="a">Eberle, Elias Franzoi</subfield>
<subfield code="u">Universidade de Caxias do Sul</subfield></datafield>
<datafield tag="720" ind1="1" ind2=" ">
<subfield code="a">Balbinot, Guilherme Faria</subfield>
<subfield code="u">Universidade de Caxias do Sul</subfield></datafield>
<datafield tag="720" ind1="1" ind2=" ">
<subfield code="a">Viecelli, Andressa</subfield>
<subfield code="u">Universidade de Caxias do Sul</subfield></datafield>
<datafield tag="720" ind1="1" ind2=" ">
<subfield code="a">Tadiello, Gerson Saciloto</subfield>
<subfield code="u">Universidade de Caxias do Sul</subfield></datafield>
<datafield tag="720" ind1="1" ind2=" ">
<subfield code="a">Bonetti, Leandro Viçosa</subfield>
<subfield code="u">Universidade de Caxias do Sul</subfield></datafield>
<datafield tag="520" ind1=" " ind2=" ">
<subfield code="a"> Os desequilíbrios musculares e funcionais são analisados na tentativa de prevenir lesões e melhorar os desempenhos de atletas. Objetivo: Analisar o desempenho muscular de extensores e flexores de joelho e o desempenho funcional dos membros inferiores de atletas de voleibol. Métodos: Quinze atletas da categoria sub-16 de voleibol feminino da Universidade de Caxias do Sul foram avaliadas. Para análise do desempenho muscular, as variáveis pico de torque de extensores e flexores de joelho, e razão convencional de extensores/flexores, foi utilizado o dinamômetro isocinético. Já para a análise funcional dos membros inferiores, foram utilizados os testes Hop tests e Y balance test (YBT). Resultados: Na comparação entre membro dominante (MD) e não dominante (MND), não houve diferenças estatisticamente significativas na análise do pico de torque; já na razão flexores/extensores foi encontrada diferença significativa apenas à 240°/s. Entretanto, os valores médios da razão flexores/extensores encontrarem-se abaixo dos valores sugeridos pela literatura. As avaliações funcionais também não mostraram assimetrias entre os membros; no entanto, a pontuação composta do YBT apresentou-se abaixo dos valores normativos. Conclusão: A excelente simetria entre os membros pode ser justificada pela especificidade do esporte, pois os gestos esportivos do voleibol apresentam carácter simétrico durante as exigências físicas dos membros inferiores. No entanto, os baixos valores da razão flexores/extensores e da pontuação composta do YBT talvez não estejam diretamente relacionados a um risco maior de lesões já que os valores de referência utilizados são de atletas adultos. </subfield>
</datafield>
<datafield tag="260" ind1=" " ind2=" ">
<subfield code="b">Faculdade de Medicina, Universidade de São Paulo</subfield>
</datafield>
<dataField tag="260" ind1=" " ind2=" ">
<subfield code="c">2022-12-28 00:00:00</subfield>
</dataField>   <datafield tag="856" ind1=" " ind2=" ">
<subfield code="q">application/pdf</subfield>
</datafield>
<datafield tag="856" ind1="4" ind2="0">
<subfield code="u">https://www.revistas.usp.br/actafisiatrica/article/view/170355</subfield>
</datafield>  <datafield tag="786" ind1="0" ind2=" ">
<subfield code="n">Acta Fisiátrica; v. 29 n. 4 (2022)</subfield>
</datafield>  <datafield tag="546" ind1=" " ind2=" ">
<subfield code="a">por</subfield>
</datafield>   <datafield tag="540" ind1=" " ind2=" ">
<subfield code="a">Copyright (c) 2022 Acta Fisiátrica</subfield>
</datafield>
</record>
</metadata>
</record>