
<record>
<header>
<identifier>oai:revistas.usp.br:article/170815</identifier>
<datestamp>2020-11-24T18:59:27Z</datestamp>
<setSpec>actafisiatrica:Art.+Orig.</setSpec>
<setSpec>driver</setSpec>
</header>
<metadata>
<record xmlns="http://www.loc.gov/MARC21/slim" xmlns:xsi="http://www.w3.org/2001/XMLSchema-instance" xsi:schemaLocation="http://www.loc.gov/MARC21/slim http://www.loc.gov/standards/marcxml/schema/MARC21slim.xsd">
<leader>     nmb a2200000Iu 4500</leader>
<controlfield tag="008">"200331 2020                        eng  "</controlfield>
<datafield tag="022" ind1="#" ind2="#">
<subfield code="$a">2317-0190</subfield>
</datafield>
<datafield tag="022" ind1="#" ind2="#">
<subfield code="$a">0104-7795</subfield>
</datafield>
<datafield tag="042" ind1=" " ind2=" ">
<subfield code="a">dc</subfield>
</datafield>
<datafield tag="245" ind1="0" ind2="0">
<subfield code="a">Redução da força de preensão manual entre idosos longevos</subfield>
</datafield>  <datafield tag="720" ind1="1" ind2=" ">
<subfield code="a">Tavares, Darlene Mara dos Santos</subfield>
<subfield code="u">Universidade Federal do Triângulo Mineiro - UFTM</subfield><subfield code="0">http://orcid.org/0000-0001-9565-0476</subfield></datafield>
<datafield tag="720" ind1="1" ind2=" ">
<subfield code="a">Oliveira, Nayara Gomes Nunes</subfield>
<subfield code="u">Universidade Federal do Triângulo Mineiro – UFTM</subfield><subfield code="0">http://orcid.org/0000-0003-4170-8761</subfield></datafield>
<datafield tag="720" ind1="1" ind2=" ">
<subfield code="a">Marchiori, Gianna Fiori</subfield>
<subfield code="u">Universidade Federal do Triângulo Mineiro – UFTM</subfield><subfield code="0">http://orcid.org/0000-0001-6363-0059</subfield></datafield>
<datafield tag="720" ind1="1" ind2=" ">
<subfield code="a">Santos, Lara Lacerda Soares</subfield>
<subfield code="u">Universidade Federal do Triângulo Mineiro – UFTM</subfield><subfield code="0">http://orcid.org/0000-0002-3181-7764</subfield></datafield>
<datafield tag="520" ind1=" " ind2=" ">
<subfield code="a"> Objetivos: Descrever as características sociodemográficas e de saúde dos longevos, identificar a ocorrência da redução da força de preensão manual dos longevos e verificar os fatores associados à redução da força de preensão manual dos longevos. Métodos: Estudo transversal e analítico, com abordagem quantitativa, desenvolvido com 313 idosos longevos da comunidade de uma Macrorregião de Saúde do Estado de Minas Gerais. Na coleta dos dados aplicaram-se: Miniexame do Estado Mental; Questionário estruturado elaborado pelo Grupo de Pesquisa em Saúde Coletiva; Questionário Internacional de Atividade Física; versão brasileira do Short Physical Performance Battery; Teste de força de preensão manual; Índice de massa corporal e questão referente à ocorrência de queda. Procederam-se às análises: descritiva, teste Qui-quadrado e regressão logística múltipla (p&lt;0,05). Resultados: Houve predomínio de longevos do sexo feminino (64,2%); com 80-90 anos de idade (86,6%); 1-5 anos de estudo (53,0%); renda ≤1 salário mínimo (55,3%); viúvos (63,3%); que moravam acompanhados (75,7%); inativos fisicamente (51,4%); com desempenho físico moderado/bom (55,9%); sem ocorrência de quedas nos últimos 12 meses (68,4%); eutróficos (39,9%) e com cinco ou mais morbidades (62,9%). A maioria dos longevos (60,4%) apresentou redução da força de preensão manual que se associou à ocorrência de quedas nos últimos 12 meses (p=0,042) e à inatividade física (p&lt;0,001). Conclusão: A redução na força de preensão manual dos idosos longevos foi relacionada à ocorrência de quedas e inatividade física, tais fatores contribuem para planejamento do cuidado gerontológico na prática clínica.     </subfield>
</datafield>
<datafield tag="260" ind1=" " ind2=" ">
<subfield code="b">Faculdade de Medicina, Universidade de São Paulo</subfield>
</datafield>
<dataField tag="260" ind1=" " ind2=" ">
<subfield code="c">2020-03-31 00:00:00</subfield>
</dataField>   <datafield tag="856" ind1=" " ind2=" ">
<subfield code="q">application/pdf</subfield>
</datafield>
<datafield tag="856" ind1="4" ind2="0">
<subfield code="u">https://www.revistas.usp.br/actafisiatrica/article/view/170815</subfield>
</datafield>  <datafield tag="786" ind1="0" ind2=" ">
<subfield code="n">Acta Fisiátrica; v. 27 n. 1 (2020)</subfield>
</datafield>  <datafield tag="546" ind1=" " ind2=" ">
<subfield code="a">por</subfield>
</datafield>   <datafield tag="540" ind1=" " ind2=" ">
<subfield code="a">Copyright (c) 2020 Acta Fisiátrica</subfield>
</datafield>
</record>
</metadata>
</record>