
<record>
<header>
<identifier>oai:revistas.usp.br:article/170876</identifier>
<datestamp>2023-07-31T18:14:45Z</datestamp>
<setSpec>actafisiatrica:Art.+Rev.</setSpec>
<setSpec>driver</setSpec>
</header>
<metadata>
<record xmlns="http://www.loc.gov/MARC21/slim" xmlns:xsi="http://www.w3.org/2001/XMLSchema-instance" xsi:schemaLocation="http://www.loc.gov/MARC21/slim http://www.loc.gov/standards/marcxml/schema/MARC21slim.xsd">
<leader>     nmb a2200000Iu 4500</leader>
<controlfield tag="008">"230331 2023                        eng  "</controlfield>
<datafield tag="022" ind1="#" ind2="#">
<subfield code="$a">2317-0190</subfield>
</datafield>
<datafield tag="022" ind1="#" ind2="#">
<subfield code="$a">0104-7795</subfield>
</datafield>
<datafield tag="042" ind1=" " ind2=" ">
<subfield code="a">dc</subfield>
</datafield>
<datafield tag="245" ind1="0" ind2="0">
<subfield code="a">Instrumentos de avaliação do ajuste psicossocial à amputação, uso e satisfação com a prótese: uma revisão sistemática da literatura</subfield>
</datafield>  <datafield tag="720" ind1="1" ind2=" ">
<subfield code="a">Pires, Greicy Kelly Wosniak</subfield>
<subfield code="u">Universidade do Estado de Santa Catarina</subfield></datafield>
<datafield tag="720" ind1="1" ind2=" ">
<subfield code="a">Luza, Lisiane Piazza</subfield>
<subfield code="u">Universidade do Estado de Santa Catarina</subfield></datafield>
<datafield tag="720" ind1="1" ind2=" ">
<subfield code="a">Rudolpho, Sara Maria Soffiatti</subfield>
<subfield code="u">Universidade do Estado de Santa Catarina</subfield></datafield>
<datafield tag="720" ind1="1" ind2=" ">
<subfield code="a">Rodrigues, Paula Lopes</subfield>
<subfield code="u">Instituto de Ensino Superior da Grande Florianópolis</subfield></datafield>
<datafield tag="720" ind1="1" ind2=" ">
<subfield code="a">Silva, Rudney da</subfield>
<subfield code="u">Universidade do Estado de Santa Catarina</subfield></datafield>
<datafield tag="520" ind1=" " ind2=" ">
<subfield code="a"> O ajuste à amputação envolve tanto questões físicas quanto psicossociais e a satisfação com o membro artificial. Objetivo: Revisar sistematicamente a literatura acerca dos instrumentos que avaliam o ajuste psicossocial à amputação e uso da prótese e a satisfação com a prótese em pessoas com amputação de membro inferior. Métodos: Fonte de dados: Medline via Pubmed, Web of Science e Scopus. Critérios de elegibilidade: estudos originais que utilizaram questionários para avaliar o ajustamento psicossocial a amputação e uso da prótese e a satisfação com a prótese. Participantes: pessoas com amputação de membro inferior. Métodos de avaliação e síntese dos estudos: todas as análises foram realizadas por três avaliadores, de forma independente, sendo os resultados apresentados de forma descritiva, em tabelas. Resultados: Foram encontrados 239 artigos na busca inicial, sendo incluídos 12 artigos ao final da revisão. Nestes, foram identificados 14 questionários que avaliam o ajuste psicossocial e a satisfação com a prótese, porém, somente 5 são validados especificamente para a população amputada. Conclusão: A Trinity Amputation and Prosthesis Experience Scale (TAPES) e o Prosthesis Evaluation Questionnaire (PEQ) são os instrumentos mais utilizados, sendo sempre importante uma seleção criteriosa dos instrumentos a serem utilizados nas pesquisas e intervenções a fim de se obter dados válidos, confiáveis e comparáveis. Número de registro da revisão sistemática: CRD42019097279. </subfield>
</datafield>
<datafield tag="260" ind1=" " ind2=" ">
<subfield code="b">Faculdade de Medicina, Universidade de São Paulo</subfield>
</datafield>
<dataField tag="260" ind1=" " ind2=" ">
<subfield code="c">2023-03-31 00:00:00</subfield>
</dataField>   <datafield tag="856" ind1=" " ind2=" ">
<subfield code="q">application/pdf</subfield>
</datafield>
<datafield tag="856" ind1="4" ind2="0">
<subfield code="u">https://www.revistas.usp.br/actafisiatrica/article/view/170876</subfield>
</datafield>  <datafield tag="786" ind1="0" ind2=" ">
<subfield code="n">Acta Fisiátrica; v. 30 n. 1 (2023)</subfield>
</datafield>  <datafield tag="546" ind1=" " ind2=" ">
<subfield code="a">por</subfield>
</datafield>   <datafield tag="540" ind1=" " ind2=" ">
<subfield code="a">Copyright (c) 2023 Acta Fisiátrica</subfield>
</datafield>
</record>
</metadata>
</record>