
<record>
<header>
<identifier>oai:revistas.usp.br:article/171038</identifier>
<datestamp>2021-02-02T14:48:29Z</datestamp>
<setSpec>actafisiatrica:Art.+Orig.</setSpec>
<setSpec>driver</setSpec>
</header>
<metadata>
<record xmlns="http://www.loc.gov/MARC21/slim" xmlns:xsi="http://www.w3.org/2001/XMLSchema-instance" xsi:schemaLocation="http://www.loc.gov/MARC21/slim http://www.loc.gov/standards/marcxml/schema/MARC21slim.xsd">
<leader>     nmb a2200000Iu 4500</leader>
<controlfield tag="008">"200630 2020                        eng  "</controlfield>
<datafield tag="022" ind1="#" ind2="#">
<subfield code="$a">2317-0190</subfield>
</datafield>
<datafield tag="022" ind1="#" ind2="#">
<subfield code="$a">0104-7795</subfield>
</datafield>
<datafield tag="042" ind1=" " ind2=" ">
<subfield code="a">dc</subfield>
</datafield>
<datafield tag="245" ind1="0" ind2="0">
<subfield code="a">Medo de cair em idosos classificados como vulneráveis de um centro de referência à atenção da saúde do idoso</subfield>
</datafield>  <datafield tag="720" ind1="1" ind2=" ">
<subfield code="a">Ferreira, Miguel Jânio Costa</subfield>
<subfield code="u">Universidade Ceuma – UNICEUMA</subfield><subfield code="0">https://orcid.org/0000-0002-3868-7034</subfield></datafield>
<datafield tag="720" ind1="1" ind2=" ">
<subfield code="a">França, Júlio César Queiroz de</subfield>
<subfield code="u">Universidade Ceuma – UNICEUMA</subfield><subfield code="0">https://orcid.org/0000-0003-4806-9122</subfield></datafield>
<datafield tag="720" ind1="1" ind2=" ">
<subfield code="a">Lobos, Juan Carlos Costa Mata</subfield>
<subfield code="u">Universidade Ceuma – UNICEUMA</subfield><subfield code="0">https://orcid.org/0000-0002-0774-0226</subfield></datafield>
<datafield tag="720" ind1="1" ind2=" ">
<subfield code="a">Santana, Roseanne Maria Silva Barbosa</subfield>
<subfield code="u">Universidade Ceuma – UNICEUMA</subfield><subfield code="0">https://orcid.org/0000-0003-4170-551X</subfield></datafield>
<datafield tag="720" ind1="1" ind2=" ">
<subfield code="a">Moraes Júnior, Juarez Belmiro</subfield>
<subfield code="u">Universidade Ceuma – UNICEUMA</subfield><subfield code="0">https://orcid.org/0000-0001-8133-0527</subfield></datafield>
<datafield tag="720" ind1="1" ind2=" ">
<subfield code="a">Carneiro, Andréa Santana</subfield>
<subfield code="u">Universidade Ceuma – UNICEUMA</subfield><subfield code="0">https://orcid.org/0000-0001-9670-5010</subfield></datafield>
<datafield tag="720" ind1="1" ind2=" ">
<subfield code="a">Monteiro, Silvio Gomes</subfield>
<subfield code="u">Universidade Ceuma – UNICEUMA</subfield><subfield code="0">https://orcid.org/0000-0002-4185-4577</subfield></datafield>
<datafield tag="720" ind1="1" ind2=" ">
<subfield code="a">Gonçalves, Maria Claudia</subfield>
<subfield code="u">Universidade Ceuma – UNICEUMA</subfield><subfield code="0">https://orcid.org/0000-0001-6457-2794</subfield></datafield>
<datafield tag="520" ind1=" " ind2=" ">
<subfield code="a"> Objetivo: Correlacionar o medo de cair com a vulnerabilidade em idosos. Método: A vulnerabilidade foi avaliada por meio da Pesquisa sobre Idosos Vulneráveis (VES-13) e o medo de cair pela Escala de Eficácia de Quedas - Internacional – Brasileira (FES-I-BR), participaram idosos de ambos os sexos e idade (60-85 anos), foram excluídos voluntários com limitações cognitivas e os que não participavam do grupo de convivência. Foram aplicado os testes de Kolmogorov-Smirnov, de Mann-Whitney, de Spearman, de regressão logística binária e para análise de sensibilidade e especificidade da FES-I-BR, empregou-se a curva da característica do operador receptor (ROC), a análise foi realizada em 95% nível de confiança e p&lt;0,05 foi adotado.  Resultados: Entre os n= 123 idosos, foi observado que (33,3%) são vulneráveis, n= 120 (97,6%) apresentaram alguma preocupação em cair. Entre as atividades analisadas na FES-I-BR, 21,1% estão extremamente preocupados em cair ao andar em superfícies escorregadias e foi observada uma correlação positiva e significativa entre a pontuação do VES-13 com a pontuação da FES-I-BR, a FES-I-BR foi um previsor significativo para a vulnerabilidade.  A FES-I-BR de forma aceitável mostrou-se capaz de discriminar o medo de cair de vulneráveis de não vulneráveis em uma área de 0,656 (p&lt;0,005), sensibilidade de 53,7% e especificidade de 69,5%.  Conclusão: O medo de cair está correlacionado com a vulnerabilidade, os idosos vulneráveis apresentaram mais medo de cair, o medo de cair é fator preditor de vulnerabilidade e a FES-I-BR foi capaz de discriminar o medo de cair de idosos vulneráveis e não vulneráveis. </subfield>
</datafield>
<datafield tag="260" ind1=" " ind2=" ">
<subfield code="b">Faculdade de Medicina, Universidade de São Paulo</subfield>
</datafield>
<dataField tag="260" ind1=" " ind2=" ">
<subfield code="c">2020-06-30 00:00:00</subfield>
</dataField>   <datafield tag="856" ind1=" " ind2=" ">
<subfield code="q">application/pdf</subfield>
</datafield>
<datafield tag="856" ind1="4" ind2="0">
<subfield code="u">https://www.revistas.usp.br/actafisiatrica/article/view/171038</subfield>
</datafield>  <datafield tag="786" ind1="0" ind2=" ">
<subfield code="n">Acta Fisiátrica; v. 27 n. 2 (2020)</subfield>
</datafield>  <datafield tag="546" ind1=" " ind2=" ">
<subfield code="a">por</subfield>
</datafield>   <datafield tag="540" ind1=" " ind2=" ">
<subfield code="a">Copyright (c) 2020 Acta Fisiátrica</subfield>
</datafield>
</record>
</metadata>
</record>