
<record>
<header>
<identifier>oai:revistas.usp.br:article/171118</identifier>
<datestamp>2021-03-25T14:48:20Z</datestamp>
<setSpec>actafisiatrica:Art.+Orig.</setSpec>
<setSpec>driver</setSpec>
</header>
<metadata>
<record xmlns="http://www.loc.gov/MARC21/slim" xmlns:xsi="http://www.w3.org/2001/XMLSchema-instance" xsi:schemaLocation="http://www.loc.gov/MARC21/slim http://www.loc.gov/standards/marcxml/schema/MARC21slim.xsd">
<leader>     nmb a2200000Iu 4500</leader>
<controlfield tag="008">"200630 2020                        eng  "</controlfield>
<datafield tag="022" ind1="#" ind2="#">
<subfield code="$a">2317-0190</subfield>
</datafield>
<datafield tag="022" ind1="#" ind2="#">
<subfield code="$a">0104-7795</subfield>
</datafield>
<datafield tag="042" ind1=" " ind2=" ">
<subfield code="a">dc</subfield>
</datafield>
<datafield tag="245" ind1="0" ind2="0">
<subfield code="a">Associação entre velocidade de marcha e força de membros inferiores após acidente vascular encefálico crônico</subfield>
</datafield>  <datafield tag="720" ind1="1" ind2=" ">
<subfield code="a">Silva, Brenno Belchior Cordeiro</subfield>
<subfield code="u">Faculdade Ciências Médicas de Minas Gerais – FCMMG </subfield><subfield code="0">https://orcid.org/0000-0003-4056-0750</subfield></datafield>
<datafield tag="720" ind1="1" ind2=" ">
<subfield code="a">Faria-Fortini, Iza de</subfield>
<subfield code="u">Faculdade Ciências Médicas de Minas Gerais – FCMMG </subfield><subfield code="0">https://orcid.org/0000-0002-0104-1547</subfield></datafield>
<datafield tag="720" ind1="1" ind2=" ">
<subfield code="a">Costa, Pollyana Helena Vieira</subfield>
<subfield code="u">Faculdade Ciências Médicas de Minas Gerais – FCMMG </subfield><subfield code="0">https://orcid.org/0000-0002-5932-200X</subfield></datafield>
<datafield tag="720" ind1="1" ind2=" ">
<subfield code="a">Torriani-Pasin, Camila</subfield>
<subfield code="u">Universidade de Sao Paulo – USP </subfield><subfield code="0">https://orcid.org/0000-0002-7173-8390</subfield></datafield>
<datafield tag="720" ind1="1" ind2=" ">
<subfield code="a">Polese, Janaine Cunha</subfield>
<subfield code="u">Faculdade Ciências Médicas de Minas Gerais – FCMMG </subfield><subfield code="0">https://orcid.org/0000-0003-3366-1545</subfield></datafield>
<datafield tag="520" ind1=" " ind2=" ">
<subfield code="a"> Certain muscle groups strength directly influence walking speed (WS), and the lower strength of the paretic side is significantly associated with lower WS of individuals after stroke. Studies that have investigated the association between the average of lower limb strength and the WS in individuals are scarce. Therefore, it is important to determine whether the strength could explain walking performance due to some muscle weakness could be compensated by the strength of others, mainly because all muscles act in group, not isolated. Objective: To investigate the association between WS and lower limbs muscle strength, and to identify whether an individual muscle group or the average strength of lower limb would best predict WS and walking speed reserve (WSR) in individuals with stroke. Methods: Sixty-four community-dwelling individuals with chronic stroke have their maximum isometric strength (hip flexors/extensors/abductors, knee flexors/extensors, and ankle dorsiflexors/plantarflexors) and self-selected and fast WS (10m walk test) measured. WSR was considered as the difference between the fast and self-selected speed. Results: Average strength of the paretic limb accounted for 19% and 20% of the variance in self-selected and fast WS, respectively. Plantarflexor strength of the paretic, knee and hip flexors of the non-paretic side explained alone 27% of the WSR scores and plantarflexor strength of the paretic side alone explained 15%.Conclusion: Average muscle strength of the paretic side contributed to self-selected and fast WS. Plantarflexor strength of the paretic side, knee and hip flexors of the non-paretic side contributed with the WSR of chronic stroke individuals. </subfield>
</datafield>
<datafield tag="260" ind1=" " ind2=" ">
<subfield code="b">Faculdade de Medicina, Universidade de São Paulo</subfield>
</datafield>
<dataField tag="260" ind1=" " ind2=" ">
<subfield code="c">2020-09-30 00:00:00</subfield>
</dataField>   <datafield tag="856" ind1=" " ind2=" ">
<subfield code="q">application/pdf</subfield>
</datafield>
<datafield tag="856" ind1="4" ind2="0">
<subfield code="u">https://www.revistas.usp.br/actafisiatrica/article/view/171118</subfield>
</datafield>  <datafield tag="786" ind1="0" ind2=" ">
<subfield code="n">Acta Fisiátrica; v. 27 n. 3 (2020)</subfield>
</datafield>  <datafield tag="546" ind1=" " ind2=" ">
<subfield code="a">eng</subfield>
</datafield>   <datafield tag="540" ind1=" " ind2=" ">
<subfield code="a">Copyright (c) 2020 Acta Fisiátrica</subfield>
</datafield>
</record>
</metadata>
</record>