
<record>
<header>
<identifier>oai:revistas.usp.br:article/171150</identifier>
<datestamp>2020-11-24T18:59:27Z</datestamp>
<setSpec>actafisiatrica:Art.+Orig.</setSpec>
<setSpec>driver</setSpec>
</header>
<metadata>
<record xmlns="http://www.loc.gov/MARC21/slim" xmlns:xsi="http://www.w3.org/2001/XMLSchema-instance" xsi:schemaLocation="http://www.loc.gov/MARC21/slim http://www.loc.gov/standards/marcxml/schema/MARC21slim.xsd">
<leader>     nmb a2200000Iu 4500</leader>
<controlfield tag="008">"200331 2020                        eng  "</controlfield>
<datafield tag="022" ind1="#" ind2="#">
<subfield code="$a">2317-0190</subfield>
</datafield>
<datafield tag="022" ind1="#" ind2="#">
<subfield code="$a">0104-7795</subfield>
</datafield>
<datafield tag="042" ind1=" " ind2=" ">
<subfield code="a">dc</subfield>
</datafield>
<datafield tag="245" ind1="0" ind2="0">
<subfield code="a">Efeito agudo da estimulação elétrica nervosa transcutânea (TENS) na lombalgia</subfield>
</datafield>  <datafield tag="720" ind1="1" ind2=" ">
<subfield code="a">Rosa, Bruna de Lima</subfield>
<subfield code="u">Universidade Luterana do Brasil - ULBRA</subfield><subfield code="0">https://orcid.org/0000-0003-1842-6264</subfield></datafield>
<datafield tag="720" ind1="1" ind2=" ">
<subfield code="a">Borba, Bruna Albani</subfield>
<subfield code="u">Universidade Luterana do Brasil - ULBRA</subfield><subfield code="0">https://orcid.org/0000-0001-5902-8778</subfield></datafield>
<datafield tag="720" ind1="1" ind2=" ">
<subfield code="a">Oliveira, Taiana Boeira</subfield>
<subfield code="u">Universidade Luterana do Brasil - ULBRA</subfield><subfield code="0">https://orcid.org/0000-0001-7476-5290</subfield></datafield>
<datafield tag="720" ind1="1" ind2=" ">
<subfield code="a">Lumertz, Milena</subfield>
<subfield code="u">Universidade Luterana do Brasil - ULBRA</subfield><subfield code="0">https://orcid.org/0000-0003-2130-6060</subfield></datafield>
<datafield tag="720" ind1="1" ind2=" ">
<subfield code="a">Santos, Josué Nascente dos</subfield>
<subfield code="u">Universidade Luterana do Brasil - ULBRA</subfield><subfield code="0">https://orcid.org/0000-0002-9525-5123</subfield></datafield>
<datafield tag="720" ind1="1" ind2=" ">
<subfield code="a">Dohnert, Marcelo Baptista</subfield>
<subfield code="u">Universidade de Gurupi – UnirG</subfield><subfield code="0">https://orcid.org/0000-0002-0775-0600</subfield></datafield>
<datafield tag="720" ind1="1" ind2=" ">
<subfield code="a">Daitx, Rodrigo Boff</subfield>
<subfield code="u">Universidade Luterana do Brasil - ULBRA</subfield><subfield code="0">https://orcid.org/0000-0002-6194-5310</subfield></datafield>
<datafield tag="520" ind1=" " ind2=" ">
<subfield code="a"> A lombalgia é um problema extremamente comum, que afeta mais pessoas do que qualquer outra afecção. Acarreta em um quadro de dor, perda de função e redução da qualidade de vida. Isto posto, o tratamento conservador é de suma importância para a reabilitação de pacientes com lombalgia. Objetivo: Avaliar o efeito agudo da estimulação elétrica transcutânea (TENS) em portadores de lombalgia. Métodos: Série de casos, no qual participaram 66 pacientes. Foi realizado uma única intervenção com TENS no modo acupuntural, frequência de 70 Hz, tempo de pulso de 150 us, com duração de 40 minutos. Foram avaliados o nível de dor, flexibilidade de isquiotibiais, força muscular e estabilização do complexo lombopélvico pré, imediatamente após e 24 horas após a intervenção.  Resultados: O nível de dor, flexibilidade de isquiotibiais e força muscular dos extensores de tronco apresentaram melhora imediatamente após intervenção (p&lt;0,05). Após 24 horas, houve aumento significativo da dor em comparação ao pós intervenção (p&lt;0,05), porém ainda se verificou um efeito analgésico e de melhora da flexibilidade em comparação a avaliação pré. A força muscular melhorou de forma significativa pós intervenção e manteve-se 24 horas após (p&lt;0,05). Os testes de estabilidade apresentaram maior tempo de manutenção da postura imediatamente após a aplicação da TENS, porém com redução deste feito pós 24 horas (p&lt;0,05). Conclusão: A TENS demonstrou redução do quadro álgico, melhora da força de tronco, flexibilidade de isquiotibiais e da estabilização lombopélvica imediatamente após a intervenção. Estes efeitos se mantiveram 24 horas após, porém não com a mesma intensidade. </subfield>
</datafield>
<datafield tag="260" ind1=" " ind2=" ">
<subfield code="b">Faculdade de Medicina, Universidade de São Paulo</subfield>
</datafield>
<dataField tag="260" ind1=" " ind2=" ">
<subfield code="c">2020-03-31 00:00:00</subfield>
</dataField>   <datafield tag="856" ind1=" " ind2=" ">
<subfield code="q">application/pdf</subfield>
</datafield>
<datafield tag="856" ind1="4" ind2="0">
<subfield code="u">https://www.revistas.usp.br/actafisiatrica/article/view/171150</subfield>
</datafield>  <datafield tag="786" ind1="0" ind2=" ">
<subfield code="n">Acta Fisiátrica; v. 27 n. 1 (2020)</subfield>
</datafield>  <datafield tag="546" ind1=" " ind2=" ">
<subfield code="a">por</subfield>
</datafield>   <datafield tag="540" ind1=" " ind2=" ">
<subfield code="a">Copyright (c) 2020 Acta Fisiátrica</subfield>
</datafield>
</record>
</metadata>
</record>