
<record>
<header>
<identifier>oai:revistas.usp.br:article/171245</identifier>
<datestamp>2021-02-02T14:48:29Z</datestamp>
<setSpec>actafisiatrica:Rel.+Caso</setSpec>
<setSpec>driver</setSpec>
</header>
<metadata>
<record xmlns="http://www.loc.gov/MARC21/slim" xmlns:xsi="http://www.w3.org/2001/XMLSchema-instance" xsi:schemaLocation="http://www.loc.gov/MARC21/slim http://www.loc.gov/standards/marcxml/schema/MARC21slim.xsd">
<leader>     nmb a2200000Iu 4500</leader>
<controlfield tag="008">"200630 2020                        eng  "</controlfield>
<datafield tag="022" ind1="#" ind2="#">
<subfield code="$a">2317-0190</subfield>
</datafield>
<datafield tag="022" ind1="#" ind2="#">
<subfield code="$a">0104-7795</subfield>
</datafield>
<datafield tag="042" ind1=" " ind2=" ">
<subfield code="a">dc</subfield>
</datafield>
<datafield tag="245" ind1="0" ind2="0">
<subfield code="a">Protocolo intensivo de reabilitação para o desenvolvimento neuropsicomotor em uma criança com microcefalia: um estudo de caso</subfield>
</datafield>  <datafield tag="720" ind1="1" ind2=" ">
<subfield code="a">Tavares, Amanda Braceloti</subfield>
<subfield code="u">Faculdade de Talentos Humanos - FACTHUS</subfield></datafield>
<datafield tag="720" ind1="1" ind2=" ">
<subfield code="a">Sant&#039;Anna, Junior Augusto</subfield>
<subfield code="u">Faculdade de Talentos Humanos - FACTHUS</subfield></datafield>
<datafield tag="720" ind1="1" ind2=" ">
<subfield code="a">Borges, Nathalia Cristina</subfield>
<subfield code="u">Faculdade de Talentos Humanos - FACTHUS</subfield></datafield>
<datafield tag="720" ind1="1" ind2=" ">
<subfield code="a">Santiago, Hildemberg Agostinho Rocha de</subfield>
<subfield code="u">Universidade Federal do Amazonas – UFAM</subfield><subfield code="0">https://orcid.org/0000-0003-4191-7432</subfield></datafield>
<datafield tag="720" ind1="1" ind2=" ">
<subfield code="a">Junior, Ivair Matias</subfield>
<subfield code="u">Centro Universitário Claretiano</subfield><subfield code="0">https://orcid.org/0000-0002-8017-956X</subfield></datafield>
<datafield tag="720" ind1="1" ind2=" ">
<subfield code="a">Menezes-Reis, Rafael</subfield>
<subfield code="u">Universidade Federal do Amazonas – UFAM</subfield><subfield code="0">https://orcid.org/0000-0002-8496-5939</subfield></datafield>
<datafield tag="520" ind1=" " ind2=" ">
<subfield code="a"> A microcefalia é uma doença de origem multifatorial podendo ser desenvolvida de forma congênita ou por causas ambientais.  Ela atinge os ossos da calota craniana, causando o fechamento prematuro das fontanelas, no qual restringe o espaço interno do crânio, que em consequência afeta o crescimento e desenvolvimento normal do encéfalo, levando a disfunções neuropsicomotoras leves, moderadas ou graves. Desta forma, este estudo tem como objetivo avaliar o desenvolvimento neuropsicomotor de uma criança com microcefalia, antes e após um protocolo fisioterapêutico intensivo. Trata-se de relato de caso no qual foram avaliados os marcos motores e os níveis de função apresentados pelo paciente, antes e após um protocolo fisioterapêutico intensivo, realizado por um período de 30 dias consecutivos. Foram obtidos importantes resultados no controle de cervical, alinhamento de cabeça em linha média, manuseio de objetos, elevação das mãos à boca e alinhamento postural. Desta forma, conclui-se que o protocolo fisioterapêutico intensivo é uma alternativa eficaz que auxilia e potencializa o desenvolvimento neuropsicomotor da criança. </subfield>
</datafield>
<datafield tag="260" ind1=" " ind2=" ">
<subfield code="b">Faculdade de Medicina, Universidade de São Paulo</subfield>
</datafield>
<dataField tag="260" ind1=" " ind2=" ">
<subfield code="c">2020-06-30 00:00:00</subfield>
</dataField>   <datafield tag="856" ind1=" " ind2=" ">
<subfield code="q">application/pdf</subfield>
</datafield>
<datafield tag="856" ind1="4" ind2="0">
<subfield code="u">https://www.revistas.usp.br/actafisiatrica/article/view/171245</subfield>
</datafield>  <datafield tag="786" ind1="0" ind2=" ">
<subfield code="n">Acta Fisiátrica; v. 27 n. 2 (2020)</subfield>
</datafield>  <datafield tag="546" ind1=" " ind2=" ">
<subfield code="a">por</subfield>
</datafield>   <datafield tag="540" ind1=" " ind2=" ">
<subfield code="a">Copyright (c) 2020 Acta Fisiátrica</subfield>
</datafield>
</record>
</metadata>
</record>