
<record>
<header>
<identifier>oai:revistas.usp.br:article/171383</identifier>
<datestamp>2021-04-26T13:11:28Z</datestamp>
<setSpec>actafisiatrica:Comun.+Breve</setSpec>
<setSpec>driver</setSpec>
</header>
<metadata>
<record xmlns="http://www.loc.gov/MARC21/slim" xmlns:xsi="http://www.w3.org/2001/XMLSchema-instance" xsi:schemaLocation="http://www.loc.gov/MARC21/slim http://www.loc.gov/standards/marcxml/schema/MARC21slim.xsd">
<leader>     nmb a2200000Iu 4500</leader>
<controlfield tag="008">"201231 2020                        eng  "</controlfield>
<datafield tag="022" ind1="#" ind2="#">
<subfield code="$a">2317-0190</subfield>
</datafield>
<datafield tag="022" ind1="#" ind2="#">
<subfield code="$a">0104-7795</subfield>
</datafield>
<datafield tag="042" ind1=" " ind2=" ">
<subfield code="a">dc</subfield>
</datafield>
<datafield tag="245" ind1="0" ind2="0">
<subfield code="a">Diagnóstico situacional dos Centros Especializados em Reabilitação (CER) e Oficinas Ortopédicas: Projeto CER-Brasil</subfield>
</datafield>  <datafield tag="720" ind1="1" ind2=" ">
<subfield code="a">Castaneda, Luciana</subfield>
<subfield code="u">Instituto Federal de Educação, Ciência e Tecnologia do Rio de Janeiro - IFRJ</subfield><subfield code="0">https://orcid.org/0000-0001-8573-342X</subfield></datafield>
<datafield tag="720" ind1="1" ind2=" ">
<subfield code="a">Dantas, Diego Sousa</subfield>
<subfield code="u">Universidade Federal de Pernambuco - UFPE</subfield><subfield code="0">https://orcid.org/0000-0002-1966-3352</subfield></datafield>
<datafield tag="720" ind1="1" ind2=" ">
<subfield code="a">Oliveira, Antônio Tadeu Ribeiro</subfield>
<subfield code="u">Instituto Brasileiro de Geografia e Estatística - IBGE</subfield><subfield code="0">https://orcid.org/0000-0001-7128-3210</subfield></datafield>
<datafield tag="720" ind1="1" ind2=" ">
<subfield code="a">Castro, Shamyr Sulyvan</subfield>
<subfield code="u">Universidade Federal do Ceará - UFC</subfield><subfield code="0">https://orcid.org/0000-0002-2661-7899</subfield></datafield>
<datafield tag="520" ind1=" " ind2=" ">
<subfield code="a"> A atenção a pessoa com deficiência no Brasil vem ganhando destaque nos últimos anos, com a criação da Rede de Cuidados à Pessoa com Deficiência, bem como com iniciativas ministeriais para avaliação da situação atual da rede e dos serviços específicos em reabilitação. Nesse sentido, pretende-se por meio dessa comunicação breve, apresentar projeto de pesquisa nacional de avaliação da atenção especializada em reabilitação. O projeto intitulado CER-Brasil objetiva realizar o diagnóstico situacional dos Centros Especializados em Reabilitação (CER) e Oficinas Ortopédicas. Trata-se de um estudo multicêntrico com a articulação nacional de pesquisadores das cinco regiões federativas brasileiras. Através de uma abordagem plurimetodológica, o projeto está sendo realizado em diferentes etapas, que incluem método Delphi, pesquisa documental, avaliação de serviços de saúde, e entrevista com gestores, profissionais e pacientes ligados aos CER em diferentes regiões do território brasileiro. </subfield>
</datafield>
<datafield tag="260" ind1=" " ind2=" ">
<subfield code="b">Faculdade de Medicina, Universidade de São Paulo</subfield>
</datafield>
<dataField tag="260" ind1=" " ind2=" ">
<subfield code="c">2020-12-31 00:00:00</subfield>
</dataField>   <datafield tag="856" ind1=" " ind2=" ">
<subfield code="q">application/pdf</subfield>
</datafield>
<datafield tag="856" ind1="4" ind2="0">
<subfield code="u">https://www.revistas.usp.br/actafisiatrica/article/view/171383</subfield>
</datafield>  <datafield tag="786" ind1="0" ind2=" ">
<subfield code="n">Acta Fisiátrica; v. 27 n. 4 (2020)</subfield>
</datafield>  <datafield tag="546" ind1=" " ind2=" ">
<subfield code="a">por</subfield>
</datafield>   <datafield tag="540" ind1=" " ind2=" ">
<subfield code="a">Copyright (c) 2020 Acta Fisiátrica</subfield>
</datafield>
</record>
</metadata>
</record>