
<record>
<header>
<identifier>oai:revistas.usp.br:article/171415</identifier>
<datestamp>2021-03-25T14:48:20Z</datestamp>
<setSpec>actafisiatrica:Comun.+Breve</setSpec>
<setSpec>driver</setSpec>
</header>
<metadata>
<record xmlns="http://www.loc.gov/MARC21/slim" xmlns:xsi="http://www.w3.org/2001/XMLSchema-instance" xsi:schemaLocation="http://www.loc.gov/MARC21/slim http://www.loc.gov/standards/marcxml/schema/MARC21slim.xsd">
<leader>     nmb a2200000Iu 4500</leader>
<controlfield tag="008">"200930 2020                        eng  "</controlfield>
<datafield tag="022" ind1="#" ind2="#">
<subfield code="$a">2317-0190</subfield>
</datafield>
<datafield tag="022" ind1="#" ind2="#">
<subfield code="$a">0104-7795</subfield>
</datafield>
<datafield tag="042" ind1=" " ind2=" ">
<subfield code="a">dc</subfield>
</datafield>
<datafield tag="245" ind1="0" ind2="0">
<subfield code="a">A saturação periférica de oxigênio não é influenciada pelo uso de máscaras faciais em exercício</subfield>
</datafield>  <datafield tag="720" ind1="1" ind2=" ">
<subfield code="a">Silva, Natália Cristina de Oliveira Vargas e</subfield>
<subfield code="u">Master Program in Health Promotion, Undergraduation in Physical Education, Centro Universitário Adventista de São Paulo – UNASP </subfield><subfield code="0">https://orcid.org/0000-0002-0747-9478</subfield></datafield>
<datafield tag="720" ind1="1" ind2=" ">
<subfield code="a">Alfieri, Fabio Marcon</subfield>
<subfield code="u">Master Program in Health Promotion, Undergraduation in Physical Education, Centro Universitário Adventista de São Paulo – UNASP </subfield><subfield code="0">https://orcid.org/0000-0002-5242-3246</subfield></datafield>
<datafield tag="520" ind1=" " ind2=" ">
<subfield code="a"> In many cities worldwide the use of face masks in public spaces became mandatory to prevent dissemination of COVID-19. The closure of public parks, gymnasiums and other areas designed for the practice of physical exercise may contribute do inactivity. Objective: The aim of this experience report was to evaluate peripheral oxygen saturation with the use of different face masks at rest and at outdoor exercise. Methods: A single healthy female subject (41 years old, body mass index 18.5 kg/m2), experienced in outdoor jogging, was subjected to running sessions with 4 different types of face masks (surgical, double cloth, triple cloth and N95) and without mask, in 5 non-consecutive days. Sessions lasted 50 minutes, where 5,8km were covered at an average speed of 7km/h. Peripheral oxygen saturation (SpO2, %) and heart rate (HR, bpm) were registered at rest, at every 5 minutes of exercise and after 5 minutes of recovery. Results: Data revealed that no desaturation occurred at any moment with any mask, even at high intensity. There were no differences in mean SpO2 or HR with either type of face mask during exercise when compared to the use of no mask. Conclusion: Setting aside the discomfort of training with face masks and the possible interference of this in performance, face masks seem not to prevent adequate gas exchange during exercise in healthy subjects. </subfield>
</datafield>
<datafield tag="260" ind1=" " ind2=" ">
<subfield code="b">Faculdade de Medicina, Universidade de São Paulo</subfield>
</datafield>
<dataField tag="260" ind1=" " ind2=" ">
<subfield code="c">2020-09-30 00:00:00</subfield>
</dataField>   <datafield tag="856" ind1=" " ind2=" ">
<subfield code="q">application/pdf</subfield>
</datafield>
<datafield tag="856" ind1="4" ind2="0">
<subfield code="u">https://www.revistas.usp.br/actafisiatrica/article/view/171415</subfield>
</datafield>  <datafield tag="786" ind1="0" ind2=" ">
<subfield code="n">Acta Fisiátrica; v. 27 n. 3 (2020)</subfield>
</datafield>  <datafield tag="546" ind1=" " ind2=" ">
<subfield code="a">eng</subfield>
</datafield>   <datafield tag="540" ind1=" " ind2=" ">
<subfield code="a">Copyright (c) 2020 Acta Fisiátrica</subfield>
</datafield>
</record>
</metadata>
</record>