
<record>
<header>
<identifier>oai:revistas.usp.br:article/171458</identifier>
<datestamp>2021-04-26T13:11:28Z</datestamp>
<setSpec>actafisiatrica:Art.+Orig.</setSpec>
<setSpec>driver</setSpec>
</header>
<metadata>
<record xmlns="http://www.loc.gov/MARC21/slim" xmlns:xsi="http://www.w3.org/2001/XMLSchema-instance" xsi:schemaLocation="http://www.loc.gov/MARC21/slim http://www.loc.gov/standards/marcxml/schema/MARC21slim.xsd">
<leader>     nmb a2200000Iu 4500</leader>
<controlfield tag="008">"201231 2020                        eng  "</controlfield>
<datafield tag="022" ind1="#" ind2="#">
<subfield code="$a">2317-0190</subfield>
</datafield>
<datafield tag="022" ind1="#" ind2="#">
<subfield code="$a">0104-7795</subfield>
</datafield>
<datafield tag="042" ind1=" " ind2=" ">
<subfield code="a">dc</subfield>
</datafield>
<datafield tag="245" ind1="0" ind2="0">
<subfield code="a">Validação de um instrumento de avaliação de habilidades de manejo de cadeira de rodas</subfield>
</datafield>  <datafield tag="720" ind1="1" ind2=" ">
<subfield code="a">Amorim, Minerva Leopoldina de Castro</subfield>
<subfield code="u">Universidade Federal do Amazonas - UFAM</subfield><subfield code="0">https://orcid.org/0000-0002-5350-3563</subfield></datafield>
<datafield tag="720" ind1="1" ind2=" ">
<subfield code="a">Lopes, Kathya Augusta Thomé</subfield>
<subfield code="u">Universidade Federal do Amazonas – UFAM</subfield><subfield code="0">https://orcid.org/0000-0002-3976-8899</subfield></datafield>
<datafield tag="720" ind1="1" ind2=" ">
<subfield code="a">Batista, Luiz Henrique Rufino</subfield>
<subfield code="u">Universidade Federal do Amazonas – UFAM</subfield><subfield code="0">https://orcid.org/0000-0002-4154-0818</subfield></datafield>
<datafield tag="720" ind1="1" ind2=" ">
<subfield code="a">Ponce, Keegan Bezerra</subfield>
<subfield code="u">Centro Universitário Fametro</subfield><subfield code="0">https://orcid.org/0000-0003-4351-3204</subfield></datafield>
<datafield tag="520" ind1=" " ind2=" ">
<subfield code="a"> Habilidades de manejo em cadeira de rodas são fundamentais para independência funcional de pessoas usuárias de cadeira de rodas. Ensiná-las, requer dos profissionais instrumentos que possam aferir a condição inicial do aprendiz permitindo verificar sua evolução durante o processo de intervenção. Objetivo: Validar um protocolo de avaliação de HMCR, com critérios dentro de conceitos e conhecimentos científicos existentes da psicometria. Método: Para construção e validação do instrumento, utilizamos o método Delphi de Survey e validade de conteúdo. Os participantes da pesquisa foram seis especialistas na área de atividades em cadeira de rodas com titulação de mestres ou doutores, usamos para medir a consistência interna do instrumento o alfa de Cronbach (α), índice de validade de conteúdo (IVC), Coeficiente de correlação intraclasse (CCI) e teste T de uma amostra com nível de 5% de significância. Resultados: Nos 17 itens obtivemos os critérios de clareza (CVI= 0,865±0,059; α= 0,834; CCI= 0,828; P&lt;0,05), pertinência (CVI= 0,902±0,071; α= 0,774; CCI= 0,779; P&lt;0,05), simplicidade (CVI= 0,918±0,054; α= 0,705; CCI= 0,694; P&lt;0,05), objetividade (CVI= 0,888±0,067; α= 0,856; CCI= 0,850; P&lt;0,05) e precisão (CVI= 0,922±0,060; α= 0,742; CCI= 0,721; P&lt;0,05). Conclusão: Os itens na construção do instrumento de avaliação demonstram por meio da psicometria ser válido e garante medir aquilo que se propõe medir. A consistência interna dos itens garante que o desenvolvimento de uma escala se faz necessária para avaliação de pessoas com LM que utilizam CR, o que propõe novos estudos de aplicação do teste para concluirmos o processo de validação. </subfield>
</datafield>
<datafield tag="260" ind1=" " ind2=" ">
<subfield code="b">Faculdade de Medicina, Universidade de São Paulo</subfield>
</datafield>
<dataField tag="260" ind1=" " ind2=" ">
<subfield code="c">2020-12-31 00:00:00</subfield>
</dataField>   <datafield tag="856" ind1=" " ind2=" ">
<subfield code="q">application/pdf</subfield>
</datafield>
<datafield tag="856" ind1="4" ind2="0">
<subfield code="u">https://www.revistas.usp.br/actafisiatrica/article/view/171458</subfield>
</datafield>  <datafield tag="786" ind1="0" ind2=" ">
<subfield code="n">Acta Fisiátrica; v. 27 n. 4 (2020)</subfield>
</datafield>  <datafield tag="546" ind1=" " ind2=" ">
<subfield code="a">por</subfield>
</datafield>   <datafield tag="540" ind1=" " ind2=" ">
<subfield code="a">Copyright (c) 2020 Acta Fisiátrica</subfield>
</datafield>
</record>
</metadata>
</record>