
<record>
<header>
<identifier>oai:revistas.usp.br:article/171459</identifier>
<datestamp>2021-02-02T14:48:29Z</datestamp>
<setSpec>actafisiatrica:Art.+Orig.</setSpec>
<setSpec>driver</setSpec>
</header>
<metadata>
<record xmlns="http://www.loc.gov/MARC21/slim" xmlns:xsi="http://www.w3.org/2001/XMLSchema-instance" xsi:schemaLocation="http://www.loc.gov/MARC21/slim http://www.loc.gov/standards/marcxml/schema/MARC21slim.xsd">
<leader>     nmb a2200000Iu 4500</leader>
<controlfield tag="008">"200630 2020                        eng  "</controlfield>
<datafield tag="022" ind1="#" ind2="#">
<subfield code="$a">2317-0190</subfield>
</datafield>
<datafield tag="022" ind1="#" ind2="#">
<subfield code="$a">0104-7795</subfield>
</datafield>
<datafield tag="042" ind1=" " ind2=" ">
<subfield code="a">dc</subfield>
</datafield>
<datafield tag="245" ind1="0" ind2="0">
<subfield code="a">Influência do uso do Wii Fit sobre o equilíbrio estático e a marcha na doença de Parkinson</subfield>
</datafield>  <datafield tag="720" ind1="1" ind2=" ">
<subfield code="a">Belchior, Luciana Dias</subfield>
<subfield code="u">Universidade de Fortaleza – UNIFOR </subfield><subfield code="0">https://orcid.org/0000-0001-5270-6417</subfield></datafield>
<datafield tag="720" ind1="1" ind2=" ">
<subfield code="a">Almeida, Lícia Maria Belchior</subfield>
<subfield code="u">Universidade Federal do Ceará – UFC </subfield><subfield code="0">https://orcid.org/0000-0002-9939-1085</subfield></datafield>
<datafield tag="520" ind1=" " ind2=" ">
<subfield code="a"> A Doença de Parkinson (DP) caracteriza-se, especialmente, por bradicinesia, instabilidade postural, reflexos reduzidos e alteração de marcha, aumentando o risco de quedas. Objetivo: Avaliar a influência de exercícios protocolados sobre equilíbrio estático e marcha com Wii Fit na DP. Métodos: Trata-se de artigo original que analisou alterações estáticas e marcha em dois pacientes com Parkinson, submetidos ao Nintendo Wii® e avaliados antes e após o protocolo. A avaliação deu-se mediante análise do equilíbrio estático e da marcha, no início e ao final de 6 semanas após o protocolo de três jogos: Penguin Slide, Plataforms e Balance Bubble, 2 vezes semanais, abordando a mesma sequência. A pesquisa foi realizada no Laboratório de Análise do Movimento Humano, vinculado à Universidade de Fortaleza, de fevereiro a setembro de 2015. Resultados: Os dados baropodométricos, referentes à variação da superfície, mostraram valor menor após intervenção. A variável velocidade média aumentou após atividade. As distâncias entre 2º e 3º passo e entre 3º e 4º passo também aumentaram, após intervenção, exceto esta última para o primeiro paciente. Com o protocolo de Nitendo Wii Fit, participantes relataram maior agilidade e segurança nas passadas, podendo ser comprovado pelo aumento da velocidade média dessas. Os pacientes evidenciaram uma melhora no equilíbrio estático e na marcha. Conclusão: Os exercícios protocolados em realidade virtual nos pacientes com DP melhoraram o desempenho do equilíbrio estático e da marcha, o que tende a favorecer a estabilidade ortostática e a deambulação.     </subfield>
</datafield>
<datafield tag="260" ind1=" " ind2=" ">
<subfield code="b">Faculdade de Medicina, Universidade de São Paulo</subfield>
</datafield>
<dataField tag="260" ind1=" " ind2=" ">
<subfield code="c">2020-06-30 00:00:00</subfield>
</dataField>   <datafield tag="856" ind1=" " ind2=" ">
<subfield code="q">application/pdf</subfield>
</datafield>
<datafield tag="856" ind1="4" ind2="0">
<subfield code="u">https://www.revistas.usp.br/actafisiatrica/article/view/171459</subfield>
</datafield>  <datafield tag="786" ind1="0" ind2=" ">
<subfield code="n">Acta Fisiátrica; v. 27 n. 2 (2020)</subfield>
</datafield>  <datafield tag="546" ind1=" " ind2=" ">
<subfield code="a">por</subfield>
</datafield>   <datafield tag="540" ind1=" " ind2=" ">
<subfield code="a">Copyright (c) 2020 Acta Fisiátrica</subfield>
</datafield>
</record>
</metadata>
</record>