
<record>
<header>
<identifier>oai:revistas.usp.br:article/171476</identifier>
<datestamp>2021-02-02T14:48:29Z</datestamp>
<setSpec>actafisiatrica:Art.+Orig.</setSpec>
<setSpec>driver</setSpec>
</header>
<metadata>
<record xmlns="http://www.loc.gov/MARC21/slim" xmlns:xsi="http://www.w3.org/2001/XMLSchema-instance" xsi:schemaLocation="http://www.loc.gov/MARC21/slim http://www.loc.gov/standards/marcxml/schema/MARC21slim.xsd">
<leader>     nmb a2200000Iu 4500</leader>
<controlfield tag="008">"200630 2020                        eng  "</controlfield>
<datafield tag="022" ind1="#" ind2="#">
<subfield code="$a">2317-0190</subfield>
</datafield>
<datafield tag="022" ind1="#" ind2="#">
<subfield code="$a">0104-7795</subfield>
</datafield>
<datafield tag="042" ind1=" " ind2=" ">
<subfield code="a">dc</subfield>
</datafield>
<datafield tag="245" ind1="0" ind2="0">
<subfield code="a">Avaliação de sintomas na distrofia muscular de Duchenne: uma estratégia de cuidado paliativo</subfield>
</datafield>  <datafield tag="720" ind1="1" ind2=" ">
<subfield code="a">Pavão, Josiane Rosires</subfield>
<subfield code="u">Faculdade de Medicina de Ribeirão Preto da Universidade de São Paulo - FMRP-USP</subfield><subfield code="0">https://orcid.org/0000-0003-3604-9730</subfield></datafield>
<datafield tag="720" ind1="1" ind2=" ">
<subfield code="a">Lizzi, Elisângela Aparecida da Silva</subfield>
<subfield code="u">Universidade Tecnológica Federal do Paraná - UTFPR </subfield><subfield code="0">https://orcid.org/0000-0001-7064-263X</subfield></datafield>
<datafield tag="720" ind1="1" ind2=" ">
<subfield code="a">Souza, Mariana Angélica de</subfield>
<subfield code="u">Faculdade de Medicina de Ribeirão Preto da Universidade de São Paulo - FMRP-USP</subfield><subfield code="0">https://orcid.org/0000-0003-4274-1301</subfield></datafield>
<datafield tag="720" ind1="1" ind2=" ">
<subfield code="a">Sobreira, Cláudia Ferreira da Rosa</subfield>
<subfield code="u">Faculdade de Medicina de Ribeirão Preto da Universidade de São Paulo - FMRP-USP</subfield><subfield code="0">https://orcid.org/0000-0002-7420-1644</subfield></datafield>
<datafield tag="720" ind1="1" ind2=" ">
<subfield code="a">Chaves, Thais Cristina</subfield>
<subfield code="u">Faculdade de Medicina de Ribeirão Preto da Universidade de São Paulo - FMRP-USP</subfield><subfield code="0">https://orcid.org/0000-0002-6222-4961</subfield></datafield>
<datafield tag="720" ind1="1" ind2=" ">
<subfield code="a">Mattiello-Sverzut, Ana Claudia</subfield>
<subfield code="u">Faculdade de Medicina de Ribeirão Preto da Universidade de São Paulo - FMRP-USP</subfield><subfield code="0">https://orcid.org/0000-0002-4181-0718</subfield></datafield>
<datafield tag="520" ind1=" " ind2=" ">
<subfield code="a"> A avaliação de sintomas na distrofia muscular de Duchenne (DMD) permite o adequado manejo terapêutico e o Edmonton Symptom Assessment System (ESAS) possui esta função: avaliar simultaneamente múltiplos sintomas de pacientes em cuidados paliativos (dor, cansaço, sonolência, náusea, apetite, falta de ar, depressão, ansiedade e bem-estar). Objetivo: Verificar se pacientes com DMD entendem os termos do ESAS e são capazes de graduar seus sintomas por este instrumento. Métodos: 10 pacientes com DMD foram avaliados transversalmente em relação à: compreensão dos itens do ESAS, caracterização dos sintomas (pelo ESAS e Escala de Faces) e medida da função motora. A graduação de sintomas do paciente, pelo ESAS, foi realizada também pelo avaliador. Os dados foram analisados descritivamente e por meio do coeficiente de correlação de Spearman. Resultados: Todos os pacientes compreenderam os sintomas dor, cansaço, sonolência, depressão (tristeza) e bem-estar, já os sintomas náusea, apetite, falta de ar e ansiedade não foram compreendidos por todos. A média geral de todos os sintomas avaliados pela escala ESAS foi abaixo de 5 pontos. Entre os resultados da escala ESAS e Escala de faces, houve correlação forte para os sintomas “depressão” (r= 0,64) e “ansiedade” (r= 0,65). Houve correlação perfeita (r= 1,0) entre ESAS preenchida pelo paciente e pelo avaliador para os itens “depressão” e “ansiedade” e correlação forte (r= 0,82) para “sonolência”. Conclusão: Pacientes com DMD entenderam os termos do ESAS e graduaram seus sintomas por este instrumento, portanto, não há necessidade de alteração dos termos do ESAS para avaliação de pacientes com DMD. </subfield>
</datafield>
<datafield tag="260" ind1=" " ind2=" ">
<subfield code="b">Faculdade de Medicina, Universidade de São Paulo</subfield>
</datafield>
<dataField tag="260" ind1=" " ind2=" ">
<subfield code="c">2020-06-30 00:00:00</subfield>
</dataField>   <datafield tag="856" ind1=" " ind2=" ">
<subfield code="q">application/pdf</subfield>
</datafield>
<datafield tag="856" ind1="4" ind2="0">
<subfield code="u">https://www.revistas.usp.br/actafisiatrica/article/view/171476</subfield>
</datafield>  <datafield tag="786" ind1="0" ind2=" ">
<subfield code="n">Acta Fisiátrica; v. 27 n. 2 (2020)</subfield>
</datafield>  <datafield tag="546" ind1=" " ind2=" ">
<subfield code="a">por</subfield>
</datafield>   <datafield tag="540" ind1=" " ind2=" ">
<subfield code="a">Copyright (c) 2020 Acta Fisiátrica</subfield>
</datafield>
</record>
</metadata>
</record>