
<record>
<header>
<identifier>oai:revistas.usp.br:article/171505</identifier>
<datestamp>2022-02-01T13:27:52Z</datestamp>
<setSpec>actafisiatrica:Art.+Orig.</setSpec>
<setSpec>driver</setSpec>
</header>
<metadata>
<record xmlns="http://www.loc.gov/MARC21/slim" xmlns:xsi="http://www.w3.org/2001/XMLSchema-instance" xsi:schemaLocation="http://www.loc.gov/MARC21/slim http://www.loc.gov/standards/marcxml/schema/MARC21slim.xsd">
<leader>     nmb a2200000Iu 4500</leader>
<controlfield tag="008">"210930 2021                        eng  "</controlfield>
<datafield tag="022" ind1="#" ind2="#">
<subfield code="$a">2317-0190</subfield>
</datafield>
<datafield tag="022" ind1="#" ind2="#">
<subfield code="$a">0104-7795</subfield>
</datafield>
<datafield tag="042" ind1=" " ind2=" ">
<subfield code="a">dc</subfield>
</datafield>
<datafield tag="245" ind1="0" ind2="0">
<subfield code="a">Registros de absenteísmo-doença: o que os conteúdos revelam sobre a funcionalidade de trabalhadores da higienização?</subfield>
</datafield>  <datafield tag="720" ind1="1" ind2=" ">
<subfield code="a">Santos, Bárbara Cordeiro</subfield>
<subfield code="u">Pontifícia Universidade Católica do Paraná - PUCPR</subfield><subfield code="0">https://orcid.org/0000-0003-1222-7977</subfield></datafield>
<datafield tag="720" ind1="1" ind2=" ">
<subfield code="a">Lopes, Jaqueline do Carmo Machado</subfield>
<subfield code="u">Pontifícia Universidade Católica do Paraná - PUCPR</subfield><subfield code="0">https://orcid.org/0000-0002-3335-4898</subfield></datafield>
<datafield tag="720" ind1="1" ind2=" ">
<subfield code="a">Scharan, Karoleen Oswald</subfield>
<subfield code="u">Pontifícia Universidade Católica do Paraná - PUCPR</subfield><subfield code="0">https://orcid.org/0000-0002-4420-3171</subfield></datafield>
<datafield tag="720" ind1="1" ind2=" ">
<subfield code="a">Moser, Auristela Duarte de Lima</subfield>
<subfield code="u">Pontifícia Universidade Católica do Paraná - PUCPR</subfield><subfield code="0">https://orcid.org/0000-0001-5086-0701</subfield></datafield>
<datafield tag="520" ind1=" " ind2=" ">
<subfield code="a"> Objetivo: Utilizar os registros de absenteísmo-doença de trabalhadores de limpeza do setor de higienização de uma instituição de ensino superior para estabelecer um subsídio inicial de conteúdo com as categorias da Classificação Internacional de Funcionalidade, Incapacidade e Saúde (CIF). Método: Estudo quantitativo, descritivo e retrospectivo. Foram analisados 2.881 atestados médicos, de trabalhadores de limpeza durante o período de 2010 a 2014, classificados de acordo com a CID-10. Variáveis estudadas: sexo, data admissional e demissional, início e fim do atestado, número de dias de afastamento e códigos da CID-10. A partir das regras propostas por Cieza et al. 2016, em um processo efetuado por três pesquisadoras, estabeleceu-se o conteúdo dos registros de absenteísmo-doença com a CIF. Os dados foram tratados pelo programa IBM SPSS Statistics 2.0. Resultados: Foram identificados 29 conceitos significativos da CID-10, referentes aos 6 capítulos mais frequentes. Vinte e seis deles foram relacionados a 17 categorias da CIF, majoritariamente às funções e estruturas do Corpo, seguido de 1 categoria de Atividades e Participação. Um conceito foi classificado como condição de saúde e 2 como não cobertos pela CIF. Os dados disponíveis não evidenciaram categorias do componente Fatores Ambientais. Conclusão: O conteúdo dos registros de absenteísmo-doença permitiu subsidiar a seleção de categorias da CIF, refletindo os aspectos biofísicos contemplados na CID-10. Porém, para considerar os aspectos biopsicossociais da CIF e da política de saúde do trabalhador, será importante contemplar nos registros de absenteísmo-doença conteúdos referentes as Atividades e Participação e, Fatores Ambientais, nos quais os trabalhadores experenciam sua funcionalidade. </subfield>
</datafield>
<datafield tag="260" ind1=" " ind2=" ">
<subfield code="b">Faculdade de Medicina, Universidade de São Paulo</subfield>
</datafield>
<dataField tag="260" ind1=" " ind2=" ">
<subfield code="c">2021-09-30 00:00:00</subfield>
</dataField>   <datafield tag="856" ind1=" " ind2=" ">
<subfield code="q">application/pdf</subfield>
</datafield>
<datafield tag="856" ind1="4" ind2="0">
<subfield code="u">https://www.revistas.usp.br/actafisiatrica/article/view/171505</subfield>
</datafield>  <datafield tag="786" ind1="0" ind2=" ">
<subfield code="n">Acta Fisiátrica; v. 28 n. 3 (2021)</subfield>
</datafield>  <datafield tag="546" ind1=" " ind2=" ">
<subfield code="a">por</subfield>
</datafield>   <datafield tag="540" ind1=" " ind2=" ">
<subfield code="a">Copyright (c) 2021 Acta Fisiátrica</subfield>
</datafield>
</record>
</metadata>
</record>