
<record>
<header>
<identifier>oai:revistas.usp.br:article/172051</identifier>
<datestamp>2020-11-24T18:59:27Z</datestamp>
<setSpec>actafisiatrica:Art.+Orig.</setSpec>
<setSpec>driver</setSpec>
</header>
<metadata>
<record xmlns="http://www.loc.gov/MARC21/slim" xmlns:xsi="http://www.w3.org/2001/XMLSchema-instance" xsi:schemaLocation="http://www.loc.gov/MARC21/slim http://www.loc.gov/standards/marcxml/schema/MARC21slim.xsd">
<leader>     nmb a2200000Iu 4500</leader>
<controlfield tag="008">"200331 2020                        eng  "</controlfield>
<datafield tag="022" ind1="#" ind2="#">
<subfield code="$a">2317-0190</subfield>
</datafield>
<datafield tag="022" ind1="#" ind2="#">
<subfield code="$a">0104-7795</subfield>
</datafield>
<datafield tag="042" ind1=" " ind2=" ">
<subfield code="a">dc</subfield>
</datafield>
<datafield tag="245" ind1="0" ind2="0">
<subfield code="a">Inquérito populacional sobre a funcionalidade das pessoas com lesão medular no Brasil: estudo de protocolo</subfield>
</datafield>  <datafield tag="720" ind1="1" ind2=" ">
<subfield code="a">Utiyama, Daniela Mitiyo Odagiri</subfield>
<subfield code="u">Instituto de Medicina Física e Reabilitação do Hospital das Clínicas – IMREA HCFMUSP</subfield></datafield>
<datafield tag="720" ind1="1" ind2=" ">
<subfield code="a">Alfieri, Fabio Marcon</subfield>
<subfield code="u">Instituto de Medicina Física e Reabilitação do Hospital das Clínicas – IMREA HCFMUSP</subfield><subfield code="0">https://orcid.org/0000-0002-5242-3246</subfield></datafield>
<datafield tag="720" ind1="1" ind2=" ">
<subfield code="a">Battistella, Linamara Rizzo</subfield>
<subfield code="u">Faculdade de Medicina, Universidade de São Paulo</subfield><subfield code="0">https://orcid.org/0000-0001-5275-0733</subfield></datafield>
<datafield tag="520" ind1=" " ind2=" ">
<subfield code="a"> A pesquisa InSCI (International spinal cord injury) foi desenvolvida para descrever a saúde e o bem-estar de indivíduos com lesão medular (LM) em relação à comunidade local. Por isto, objetivo deste estudo será descrever as características pessoais, fatores ambientais, de saúde, de qualidade de vida, de trabalho dos indivíduos que vivem com lesão medular no Brasil e comparar os dados com outros países participantes da pesquisa. Este estudo deverá ser de caráter transversal observacional. Os indivíduos com LM serão recrutados no Instituto de Medicina Física e de Reabilitação (IMREA) do Hospital das Clínicas da Faculdade de Medicina da Universidade de São Paulo, na Rede de Reabilitação Lucy Montoro (IRLM) e na Associação Fluminense de Reabilitação (AFR). Participarão do estudo 400 indivíduos de ambos os sexos com idade igual ou superior a 18 anos com diagnóstico de lesão medular de origem traumática cujo tempo de lesão esteja superior a 3 meses. Os voluntários realizarão uma avaliação inicial por meio de questionário com 125 perguntas sobre problemas de saúde, atividade e participação, independência nas atividades de vida diária, trabalho, fatores ambientais e pessoais, serviços de saúde e qualidade de vida. As associações entre as variáveis serão feitas testes de correlação de Pearson ou Spearman. Modelos simples de regressão linear ou logística também poderão ser usados de acordo com os dados obtidos. Os procedimentos de processamento e ajuste de dados obedecerão às recomendações das Diretrizes Cross-Cultural Survey (CCSG) e ao fortalecimento do Relatório de Estudos Observatórios em Epidemiologia (STROBE). </subfield>
</datafield>
<datafield tag="260" ind1=" " ind2=" ">
<subfield code="b">Faculdade de Medicina, Universidade de São Paulo</subfield>
</datafield>
<dataField tag="260" ind1=" " ind2=" ">
<subfield code="c">2020-03-31 00:00:00</subfield>
</dataField>   <datafield tag="856" ind1=" " ind2=" ">
<subfield code="q">application/pdf</subfield>
</datafield>
<datafield tag="856" ind1="4" ind2="0">
<subfield code="u">https://www.revistas.usp.br/actafisiatrica/article/view/172051</subfield>
</datafield>  <datafield tag="786" ind1="0" ind2=" ">
<subfield code="n">Acta Fisiátrica; v. 27 n. 1 (2020)</subfield>
</datafield>  <datafield tag="546" ind1=" " ind2=" ">
<subfield code="a">por</subfield>
</datafield>   <datafield tag="540" ind1=" " ind2=" ">
<subfield code="a">Copyright (c) 2020 Acta Fisiátrica</subfield>
</datafield>
</record>
</metadata>
</record>