
<record>
<header>
<identifier>oai:revistas.usp.br:article/172216</identifier>
<datestamp>2021-03-25T14:48:20Z</datestamp>
<setSpec>actafisiatrica:Art.+Orig.</setSpec>
<setSpec>driver</setSpec>
</header>
<metadata>
<record xmlns="http://www.loc.gov/MARC21/slim" xmlns:xsi="http://www.w3.org/2001/XMLSchema-instance" xsi:schemaLocation="http://www.loc.gov/MARC21/slim http://www.loc.gov/standards/marcxml/schema/MARC21slim.xsd">
<leader>     nmb a2200000Iu 4500</leader>
<controlfield tag="008">"210202 2021                        eng  "</controlfield>
<datafield tag="022" ind1="#" ind2="#">
<subfield code="$a">2317-0190</subfield>
</datafield>
<datafield tag="022" ind1="#" ind2="#">
<subfield code="$a">0104-7795</subfield>
</datafield>
<datafield tag="042" ind1=" " ind2=" ">
<subfield code="a">dc</subfield>
</datafield>
<datafield tag="245" ind1="0" ind2="0">
<subfield code="a">Funcionalidade e qualidade de vida de pessoas com esclerose lateral amiotrófica e percepção da sobrecarga e apoio social de cuidadores informais </subfield>
</datafield>  <datafield tag="720" ind1="1" ind2=" ">
<subfield code="a">Gomes, Crystian Moraes Silva</subfield>
<subfield code="u">Centro de Reabilitação Física do Espírito Santo - CREFES</subfield><subfield code="0">https://orcid.org/0000-0003-0675-0868</subfield></datafield>
<datafield tag="720" ind1="1" ind2=" ">
<subfield code="a">Zuqui, Aline Caus</subfield>
<subfield code="u">Centro de Reabilitação Física do Espírito Santo – CREFES</subfield><subfield code="0">https://orcid.org/0000-0003-2668-2452</subfield></datafield>
<datafield tag="720" ind1="1" ind2=" ">
<subfield code="a">Schiavo, Kellen Valladão</subfield>
<subfield code="u">Centro de Reabilitação Física do Espírito Santo – CREFES</subfield><subfield code="0">https://orcid.org/0000-0002-9608-3001</subfield></datafield>
<datafield tag="720" ind1="1" ind2=" ">
<subfield code="a">Oliveira, Jonaina Fiorim Pereira de</subfield>
<subfield code="u">Centro de Reabilitação Física do Espírito Santo – CREFES</subfield><subfield code="0">https://orcid.org/0000-0002-6127-4596</subfield></datafield>
<datafield tag="520" ind1=" " ind2=" ">
<subfield code="a"> Objetivo: Esta pesquisa tem como objetivo mensurar a funcionalidade e qualidade de vida de pacientes com Esclerose Lateral Amiotrófica (ELA) e fornecer evidências sobre a possível sobrecarga de cuidados gerados aos seus cuidadores informais. Método: Trata-se de um estudo descritivo exploratório do tipo quantitativo, com delineamento transversal. A amostra do estudo foi composta por 24 participantes, sendo 12 pacientes com ELA e 12 cuidadores informais, recrutados em um Centro Especializado de Reabilitação. Foram administrados aos indivíduos com ELA os instrumentos: Questionário sobre Informações Demográficas; Amyotrophic Lateral Sclerosis Functional Rating Scale-Revised (ALSFRS-R); Amyotrophic Lateral Sclerosis Assessment Questionnaire (ALSAQ-40) e aos cuidadores: Questionário de Avaliação da Sobrecarga do Cuidador Informal (QASCI); Escala de Apoio Social do Medical Outcomes Study (MOS). Resultados: Foram encontradas fortes correlações entre ALSFRS-R e ALSAQ-40 (r = - 0.709 e p &lt; 0.010), entre o domínio Atividades de Vida Diária e a ALSFRS-R (r = - 0.877 e p &lt; .001), entre os domínios da QASCI e MOS, Mecanismo de Eficácia e de Controle e Apoio material (r = - 0.598 e p &lt; 0.040), Satisfação com o Papel e com o Familiar e Apoio Afetivo (r = - 0.604 e p &lt; 0.037), e Suporte Familiar e Interação Social Positiva (r = - 0.683 e p &lt; 0.014). Conclusão: A funcionalidade e a qualidade de vida do paciente com ELA influenciam na provisão de cuidados, o suporte social percebido foi uma variável moderadora da sobrecarga de estresse dos cuidadores.     </subfield>
</datafield>
<datafield tag="260" ind1=" " ind2=" ">
<subfield code="b">Faculdade de Medicina, Universidade de São Paulo</subfield>
</datafield>
<dataField tag="260" ind1=" " ind2=" ">
<subfield code="c">2020-09-30 00:00:00</subfield>
</dataField>   <datafield tag="856" ind1=" " ind2=" ">
<subfield code="q">application/pdf</subfield>
</datafield>
<datafield tag="856" ind1="4" ind2="0">
<subfield code="u">https://www.revistas.usp.br/actafisiatrica/article/view/172216</subfield>
</datafield>  <datafield tag="786" ind1="0" ind2=" ">
<subfield code="n">Acta Fisiátrica; v. 27 n. 3 (2020)</subfield>
</datafield>  <datafield tag="546" ind1=" " ind2=" ">
<subfield code="a">por</subfield>
</datafield>   <datafield tag="540" ind1=" " ind2=" ">
<subfield code="a">Copyright (c) 2020 Acta Fisiátrica</subfield>
</datafield>
</record>
</metadata>
</record>