
<record>
<header>
<identifier>oai:revistas.usp.br:article/172364</identifier>
<datestamp>2021-02-02T14:48:29Z</datestamp>
<setSpec>actafisiatrica:Art.+Orig.</setSpec>
<setSpec>driver</setSpec>
</header>
<metadata>
<record xmlns="http://www.loc.gov/MARC21/slim" xmlns:xsi="http://www.w3.org/2001/XMLSchema-instance" xsi:schemaLocation="http://www.loc.gov/MARC21/slim http://www.loc.gov/standards/marcxml/schema/MARC21slim.xsd">
<leader>     nmb a2200000Iu 4500</leader>
<controlfield tag="008">"200630 2020                        eng  "</controlfield>
<datafield tag="022" ind1="#" ind2="#">
<subfield code="$a">2317-0190</subfield>
</datafield>
<datafield tag="022" ind1="#" ind2="#">
<subfield code="$a">0104-7795</subfield>
</datafield>
<datafield tag="042" ind1=" " ind2=" ">
<subfield code="a">dc</subfield>
</datafield>
<datafield tag="245" ind1="0" ind2="0">
<subfield code="a">Associação entre a classificação da deambulação funcional com a velocidade da marcha após acidente vascular cerebral</subfield>
</datafield>  <datafield tag="720" ind1="1" ind2=" ">
<subfield code="a">Júlio, Cíntia Elord</subfield>
<subfield code="u">Universidade Nove de Julho – UNINOVE </subfield><subfield code="0">https://orcid.org/0000-0002-9161-0618</subfield></datafield>
<datafield tag="720" ind1="1" ind2=" ">
<subfield code="a">Cardoso, Ariadne</subfield>
<subfield code="u">Universidade Nove de Julho – UNINOVE</subfield><subfield code="0">https://orcid.org/0000-0002-4709-7933</subfield></datafield>
<datafield tag="720" ind1="1" ind2=" ">
<subfield code="a">Pereira, Gabriela Santos</subfield>
<subfield code="u">Universidade Nove de Julho – UNINOVE </subfield><subfield code="0">https://orcid.org/0000-0001-9380-3504</subfield></datafield>
<datafield tag="720" ind1="1" ind2=" ">
<subfield code="a">Corrêa, João Carlos Ferrari</subfield>
<subfield code="u">Universidade Nove de Julho – UNINOVE</subfield><subfield code="0">https://orcid.org/0000-0002-8642-9814</subfield></datafield>
<datafield tag="720" ind1="1" ind2=" ">
<subfield code="a">Silva, Soraia Micaela</subfield>
<subfield code="u">Universidade Nove de Julho – UNINOVE</subfield><subfield code="0">https://orcid.org/0000-0002-5929-3253</subfield></datafield>
<datafield tag="520" ind1=" " ind2=" ">
<subfield code="a"> A escolha do instrumento adequado é decisiva para o sucesso da avaliação funcional e reabilitação. Diante disto, é necessário que o profissional tenha amplo conhecimento dos instrumentos disponíveis para que possa optar pela avaliação mais eficaz, menos onerosa e mais rápida. Objetivo: Analisar se a classificação da deambulação obtida pela Functional Ambulation Classification (FAC) se associa com o desempenho obtido no Teste de Caminhada de 10 metros (TC10M). Métodos: Estudo transversal no qual foram avaliados 61 indivíduos acometidos pelo Acidente Vascular Cerebral (AVC). Utilizou-se o TC10M e a FAC. Para verificar a normalidade dos dados foi utilizado teste Kolmogorov – Smirnov. Foi utilizado o ANOVA de uma via para verificar se houve diferença dos deambuladores dependentes e independentes conforme a FAC com a velocidade da marcha por meio do TC10M. Foi realizado um teste post hoc e o método de Scheffe, considerando p≤0,05. Para analisar a associação da categorização da deambulação com a velocidade da marcha, foi o utilizado o teste do qui-quadrado de independência. Resultados: Houve diferença significante de cada nível da FAC em relação a velocidade da marcha. Houve associação entre as classificações obtidas pela FAC e pelo TC10m [x2(9) = 145,335; p=0,001]; sendo que em 48% as variáveis estão corretamente associadas. Conclusão: Os achados indicaram que os níveis da FAC apresentaram associação com a velocidade da marcha. Este achada amplia os conhecimentos sobre medidas de avaliação da marcha e auxilia a prática clínica, considerando que facilita a escolha do melhor instrumento para avaliar a marcha após AVC. </subfield>
</datafield>
<datafield tag="260" ind1=" " ind2=" ">
<subfield code="b">Faculdade de Medicina, Universidade de São Paulo</subfield>
</datafield>
<dataField tag="260" ind1=" " ind2=" ">
<subfield code="c">2020-06-30 00:00:00</subfield>
</dataField>   <datafield tag="856" ind1=" " ind2=" ">
<subfield code="q">application/pdf</subfield>
</datafield>
<datafield tag="856" ind1="4" ind2="0">
<subfield code="u">https://www.revistas.usp.br/actafisiatrica/article/view/172364</subfield>
</datafield>  <datafield tag="786" ind1="0" ind2=" ">
<subfield code="n">Acta Fisiátrica; v. 27 n. 2 (2020)</subfield>
</datafield>  <datafield tag="546" ind1=" " ind2=" ">
<subfield code="a">por</subfield>
</datafield>   <datafield tag="540" ind1=" " ind2=" ">
<subfield code="a">Copyright (c) 2020 Acta Fisiátrica</subfield>
</datafield>
</record>
</metadata>
</record>