
<record>
<header>
<identifier>oai:revistas.usp.br:article/172431</identifier>
<datestamp>2021-02-02T14:48:29Z</datestamp>
<setSpec>actafisiatrica:Art.+Rev.</setSpec>
<setSpec>driver</setSpec>
</header>
<metadata>
<record xmlns="http://www.loc.gov/MARC21/slim" xmlns:xsi="http://www.w3.org/2001/XMLSchema-instance" xsi:schemaLocation="http://www.loc.gov/MARC21/slim http://www.loc.gov/standards/marcxml/schema/MARC21slim.xsd">
<leader>     nmb a2200000Iu 4500</leader>
<controlfield tag="008">"200630 2020                        eng  "</controlfield>
<datafield tag="022" ind1="#" ind2="#">
<subfield code="$a">2317-0190</subfield>
</datafield>
<datafield tag="022" ind1="#" ind2="#">
<subfield code="$a">0104-7795</subfield>
</datafield>
<datafield tag="042" ind1=" " ind2=" ">
<subfield code="a">dc</subfield>
</datafield>
<datafield tag="245" ind1="0" ind2="0">
<subfield code="a">Efeitos da realidade virtual em crianças e adolescentes com paralisia cerebral baseada na Classificação Internacional de Funcionalidade, Incapacidade e Saúde: revisão sistemática</subfield>
</datafield>  <datafield tag="720" ind1="1" ind2=" ">
<subfield code="a">Pereira, Gabriela Santos</subfield>
<subfield code="u">Universidade Nove de Julho – UNINOVE   </subfield><subfield code="0">https://orcid.org/0000-0001-9380-3504</subfield></datafield>
<datafield tag="720" ind1="1" ind2=" ">
<subfield code="a">Santos, Heyriane Martins dos</subfield>
<subfield code="u">Universidade Nove de Julho – UNINOVE   </subfield><subfield code="0">https://orcid.org/0000-0002-4705-6111</subfield></datafield>
<datafield tag="720" ind1="1" ind2=" ">
<subfield code="a">Brandão, Thayane Correa Pereira</subfield>
<subfield code="u">Universidade Nove de Julho – UNINOVE   </subfield><subfield code="0">https://orcid.org/0000-0002-1508-1259</subfield></datafield>
<datafield tag="720" ind1="1" ind2=" ">
<subfield code="a">Silva, Jéssica Lima da</subfield>
<subfield code="u">Universidade Nove de Julho – UNINOVE   </subfield><subfield code="0">https://orcid.org/0000-0002-3280-8210</subfield></datafield>
<datafield tag="720" ind1="1" ind2=" ">
<subfield code="a">Kaczmarek, Mara Cristina Dias</subfield>
<subfield code="u">Universidade Nove de Julho – UNINOVE   </subfield><subfield code="0">https://orcid.org/0000-0002-9172-6215</subfield></datafield>
<datafield tag="720" ind1="1" ind2=" ">
<subfield code="a">Pinheiro, Vanessa Viana</subfield>
<subfield code="u">Universidade Nove de Julho – UNINOVE   </subfield><subfield code="0">https://orcid.org/0000-0002-6839-9471</subfield></datafield>
<datafield tag="720" ind1="1" ind2=" ">
<subfield code="a">Fonseca Junior, Paulo Roberto</subfield>
<subfield code="u">Instituto de Medicina Física e Reabilitação, Hospital das Clinicas da Faculdade de Medicina da Universidade de São Paulo</subfield><subfield code="0">https://orcid.org/0000-0002-6180-8674</subfield></datafield>
<datafield tag="720" ind1="1" ind2=" ">
<subfield code="a">Silva, Soraia Micaela</subfield>
<subfield code="u">Universidade Nove de Julho – UNINOVE   </subfield><subfield code="0">https://orcid.org/0000-0002-5929-3253</subfield></datafield>
<datafield tag="520" ind1=" " ind2=" ">
<subfield code="a"> Objetivo: Abordar os efeitos da terapia com realidade virtual em crianças e adolescentes com Paralisia Cerebral de acordo com a Classificação Internacional de Funcionalidade, Incapacidade e Saúde (CIF). Com intuito de reunir dados que elucidem como a aplicação da CIF pode resultar em melhor compreensão das características apresentadas em uma situação de saúde. Métodos: Os artigos foram pesquisados nas plataformas MEDLINE (Pubmed), PEDro, LILACS e SCIELO, publicados até maio de 2019. A escala de qualidade PEDro (Physioterapy Evidence Database) foi utilizada como método de avaliação de qualidade dos artigos, sendo incluídos artigos com nota ≥ 6 (seis) no PEDro. Resultados: Seis artigos foram incluídos nesta revisão. De maneira geral, observou-se resultados significantes quanto às “Funções corporais” relacionadas à melhora da função de membros superiores e inferiores, após intervenção com RV, quando comparados a terapia convencional. No domínio “Atividade” observou-se resultados na marcha, equilíbrio e habilidades motoras globais de crianças com PC após intervenção com RV. Conclusão: Os efeitos da Realidade Virtual em crianças com PC relacionados a CIF são positivos, mas foram encontrados mais resultados associados ao domínio “Funções corporais” e “Atividade”, assim, sugere-se que sejam feitos mais estudos para verificar os efeitos da RV quanto à “Participação” e “Fatores ambientais”. </subfield>
</datafield>
<datafield tag="260" ind1=" " ind2=" ">
<subfield code="b">Faculdade de Medicina, Universidade de São Paulo</subfield>
</datafield>
<dataField tag="260" ind1=" " ind2=" ">
<subfield code="c">2020-06-30 00:00:00</subfield>
</dataField>   <datafield tag="856" ind1=" " ind2=" ">
<subfield code="q">application/pdf</subfield>
</datafield>
<datafield tag="856" ind1="4" ind2="0">
<subfield code="u">https://www.revistas.usp.br/actafisiatrica/article/view/172431</subfield>
</datafield>  <datafield tag="786" ind1="0" ind2=" ">
<subfield code="n">Acta Fisiátrica; v. 27 n. 2 (2020)</subfield>
</datafield>  <datafield tag="546" ind1=" " ind2=" ">
<subfield code="a">por</subfield>
</datafield>   <datafield tag="540" ind1=" " ind2=" ">
<subfield code="a">Copyright (c) 2020 Acta Fisiátrica</subfield>
</datafield>
</record>
</metadata>
</record>