
<record>
<header>
<identifier>oai:revistas.usp.br:article/172965</identifier>
<datestamp>2020-11-24T18:59:27Z</datestamp>
<setSpec>actafisiatrica:Art.+Orig.</setSpec>
<setSpec>driver</setSpec>
</header>
<metadata>
<record xmlns="http://www.loc.gov/MARC21/slim" xmlns:xsi="http://www.w3.org/2001/XMLSchema-instance" xsi:schemaLocation="http://www.loc.gov/MARC21/slim http://www.loc.gov/standards/marcxml/schema/MARC21slim.xsd">
<leader>     nmb a2200000Iu 4500</leader>
<controlfield tag="008">"200331 2020                        eng  "</controlfield>
<datafield tag="022" ind1="#" ind2="#">
<subfield code="$a">2317-0190</subfield>
</datafield>
<datafield tag="022" ind1="#" ind2="#">
<subfield code="$a">0104-7795</subfield>
</datafield>
<datafield tag="042" ind1=" " ind2=" ">
<subfield code="a">dc</subfield>
</datafield>
<datafield tag="245" ind1="0" ind2="0">
<subfield code="a">Atividade física como fator protetor para o extremo baixo peso em idosos assistidos por uma operadora de saúde</subfield>
</datafield>  <datafield tag="720" ind1="1" ind2=" ">
<subfield code="a">Silva, Deborah Lorenzo Gomez</subfield>
<subfield code="u">Centro Universitário São Camilo</subfield></datafield>
<datafield tag="720" ind1="1" ind2=" ">
<subfield code="a">D&#039;Oliveira, Rafaela Ramos</subfield>
<subfield code="u">Centro Universitário São Camilo</subfield><subfield code="0">https://orcid.org/0000-0002-7952-5277</subfield></datafield>
<datafield tag="720" ind1="1" ind2=" ">
<subfield code="a">Kim, Beatriz Myung Jin</subfield>
<subfield code="u">Centro Universitário São Camilo</subfield></datafield>
<datafield tag="720" ind1="1" ind2=" ">
<subfield code="a">Santos, Ana Flávia de Lima</subfield>
<subfield code="u">Centro Universitário São Camilo</subfield></datafield>
<datafield tag="720" ind1="1" ind2=" ">
<subfield code="a">Silva Junior, Eduardo Antonio Barros</subfield>
<subfield code="u">Centro Universitário São Camilo</subfield></datafield>
<datafield tag="720" ind1="1" ind2=" ">
<subfield code="a">Oliveira, Henrique Souza Barros de</subfield>
<subfield code="u">Centro Universitário São Camilo</subfield><subfield code="0">https://orcid.org/0000-0002-9067-8581</subfield></datafield>
<datafield tag="720" ind1="1" ind2=" ">
<subfield code="a">Manso, Maria Elisa Gonzalez</subfield>
<subfield code="u">Pontifícia Universidade Católica de São Paulo - PUC-SP</subfield><subfield code="0">https://orcid.org/0000-0001-5446-233X</subfield></datafield>
<datafield tag="520" ind1=" " ind2=" ">
<subfield code="a"> Objetivo: Investigar a influência de fatores relacionados aos aspectos multidimensionais do envelhecimento em um grupo de idosos com baixo peso assistidos pelo setor privado de saúde. Métodos: Estudo transversal conduzido com 243 idosos com índice de massa corpórea &lt;23 kg/m², todos assistidos por uma operadora de planos de saúde, no município de São Paulo, SP, Brasil, alocados em dois grupos: baixo peso e extremo baixo peso. Para a coleta dos dados empregou-se inquérito contendo informações relacionadas aos aspectos multidimensionais do envelhecimento. Os dados obtidos foram submetidos a análise descritiva das variáveis, com posterior análise comparativa através dos testes t Student e Qui-Quadrado ou exato de Fisher, quando necessário. Para variáveis com significância estatística, aplicou-se regressão logística e calculou-se as Odds Ratio, com intervalo de confiança de 95%. Resultados: Observou-se que, a idade avançada (p=0,044), dificuldade de mobilidade (p=0,011) e baixos níveis de atividade física (p=0.021) influenciam significativamente os idosos em estado nutricional de extremo baixo peso. Por meio do modelo de regressão logística, verificou-se que para cada uma hora de atividade física praticada pelos idosos deste grupo, os riscos de evolução para extremo baixo peso diminuem em até 14%. Conclusão: A pratica regular e orientada de atividade física praticada por idosos com algum grau de déficit nutricional é capaz de prevenir e/ou retardar desfechos indesejados em grupos susceptíveis. </subfield>
</datafield>
<datafield tag="260" ind1=" " ind2=" ">
<subfield code="b">Faculdade de Medicina, Universidade de São Paulo</subfield>
</datafield>
<dataField tag="260" ind1=" " ind2=" ">
<subfield code="c">2020-03-31 00:00:00</subfield>
</dataField>   <datafield tag="856" ind1=" " ind2=" ">
<subfield code="q">application/pdf</subfield>
</datafield>
<datafield tag="856" ind1="4" ind2="0">
<subfield code="u">https://www.revistas.usp.br/actafisiatrica/article/view/172965</subfield>
</datafield>  <datafield tag="786" ind1="0" ind2=" ">
<subfield code="n">Acta Fisiátrica; v. 27 n. 1 (2020)</subfield>
</datafield>  <datafield tag="546" ind1=" " ind2=" ">
<subfield code="a">por</subfield>
</datafield>   <datafield tag="540" ind1=" " ind2=" ">
<subfield code="a">Copyright (c) 2020 Acta Fisiátrica</subfield>
</datafield>
</record>
</metadata>
</record>