
<record>
<header>
<identifier>oai:revistas.usp.br:article/172968</identifier>
<datestamp>2021-02-02T14:48:29Z</datestamp>
<setSpec>actafisiatrica:Art.+Orig.</setSpec>
<setSpec>driver</setSpec>
</header>
<metadata>
<record xmlns="http://www.loc.gov/MARC21/slim" xmlns:xsi="http://www.w3.org/2001/XMLSchema-instance" xsi:schemaLocation="http://www.loc.gov/MARC21/slim http://www.loc.gov/standards/marcxml/schema/MARC21slim.xsd">
<leader>     nmb a2200000Iu 4500</leader>
<controlfield tag="008">"200630 2020                        eng  "</controlfield>
<datafield tag="022" ind1="#" ind2="#">
<subfield code="$a">2317-0190</subfield>
</datafield>
<datafield tag="022" ind1="#" ind2="#">
<subfield code="$a">0104-7795</subfield>
</datafield>
<datafield tag="042" ind1=" " ind2=" ">
<subfield code="a">dc</subfield>
</datafield>
<datafield tag="245" ind1="0" ind2="0">
<subfield code="a">Análise da velocidade e acurácia de movimentos em indivíduos após acidente vascular encefálico</subfield>
</datafield>  <datafield tag="720" ind1="1" ind2=" ">
<subfield code="a">Araújo, Gabriela</subfield>
<subfield code="u">Universidade do Oeste Paulista - UNOESTE</subfield></datafield>
<datafield tag="720" ind1="1" ind2=" ">
<subfield code="a">Rossini, Nataly</subfield>
<subfield code="u">Universidade do Oeste Paulista - UNOESTE</subfield></datafield>
<datafield tag="720" ind1="1" ind2=" ">
<subfield code="a">Ferrari, Aline Sanchez</subfield>
<subfield code="u">Universidade do Oeste Paulista - UNOESTE</subfield></datafield>
<datafield tag="720" ind1="1" ind2=" ">
<subfield code="a">Monteiro, Carlos Bandeira de Mello</subfield>
<subfield code="u">Escola de Artes, Ciências e Humanidades da Universidade de São Paulo, Grupo de Pesquisa e Aplicação Tecnológica em Reabilitação - PATER </subfield><subfield code="0">https://orcid.org/0000-0002-2661-775X</subfield></datafield>
<datafield tag="720" ind1="1" ind2=" ">
<subfield code="a">Silva, Talita Dias da</subfield>
<subfield code="u">Escola de Artes, Ciências e Humanidades da Universidade de São Paulo, Grupo de Pesquisa e Aplicação Tecnológica em Reabilitação - PATER </subfield><subfield code="0">https://orcid.org/0000-0002-4683-4671</subfield></datafield>
<datafield tag="720" ind1="1" ind2=" ">
<subfield code="a">Massetti, Thais</subfield>
<subfield code="u">Escola de Artes, Ciências e Humanidades da Universidade de São Paulo, Grupo de Pesquisa e Aplicação Tecnológica em Reabilitação - PATER </subfield><subfield code="0">https://orcid.org/0000-0001-6386-0241</subfield></datafield>
<datafield tag="720" ind1="1" ind2=" ">
<subfield code="a">Fernani, Deborah Cristina Gonçalves Luiz</subfield>
<subfield code="u">Universidade do Oeste Paulista - UNOESTE</subfield><subfield code="0">https://orcid.org/0000-0001-9981-2161</subfield><subfield code="0">https://orcid.org/0000-0001-9981-2161</subfield></datafield>
<datafield tag="720" ind1="1" ind2=" ">
<subfield code="a">Dantas, Maria Tereza Artero Prado</subfield>
<subfield code="u">Universidade do Oeste Paulista - UNOESTE</subfield><subfield code="0">https://orcid.org/0000-0001-6316-0755</subfield><subfield code="0">https://orcid.org/0000-0001-6316-0755</subfield></datafield>
<datafield tag="520" ind1=" " ind2=" ">
<subfield code="a"> The Stroke might cause alterations in movement control due to the sequels of this process. Objective: Analyze the speed-accuracy trade-off of upper limb movement in individuals with sequels of Stroke through a computer software. Method: It is about a cross-sectional study, the sample was composed of 46 individuals divided into two groups: individuals post-stroke, between the ages of 35  and 83 years old, in which 10 were women and 14 were men; and 22 healthy controls aligned by age and sex, in which 8 were women and 14 were men, evaluated through the instruments: Mini mental state examination, Orpington prognostic scale, Fugl-Meyer Assessment Scale, dynamometer, box of blocks and throught the software “Fitts Reciprocal Aiming Task v.2.0. (Horizontal)”, that seeks to understand the motor control of the upper limb, verifying the speed and accuracy of movement through a computer task. Results: The individuals with sequels of Stroke showed a loss in the strength of the palmar grip and manual function. Besides, they showed a longer time in movement in all index of difficulty compared to Control group. However, they showed a similar behaviour to the healthy individuals throughout the execution of the index of difficulty. Conclusion: Thus, it can be concluded that the individuals with sequels of Stroke showed a deficit of the motor control of the upper limb, compared to the healthy individuals, however, these showed the same behavior, with a bigger deficit in the accuracy of movement. </subfield>
</datafield>
<datafield tag="260" ind1=" " ind2=" ">
<subfield code="b">Faculdade de Medicina, Universidade de São Paulo</subfield>
</datafield>
<dataField tag="260" ind1=" " ind2=" ">
<subfield code="c">2020-06-30 00:00:00</subfield>
</dataField>   <datafield tag="856" ind1=" " ind2=" ">
<subfield code="q">application/pdf</subfield>
</datafield>
<datafield tag="856" ind1="4" ind2="0">
<subfield code="u">https://www.revistas.usp.br/actafisiatrica/article/view/172968</subfield>
</datafield>  <datafield tag="786" ind1="0" ind2=" ">
<subfield code="n">Acta Fisiátrica; v. 27 n. 2 (2020)</subfield>
</datafield>  <datafield tag="546" ind1=" " ind2=" ">
<subfield code="a">por</subfield>
</datafield>   <datafield tag="540" ind1=" " ind2=" ">
<subfield code="a">Copyright (c) 2020 Acta Fisiátrica</subfield>
</datafield>
</record>
</metadata>
</record>