
<record>
<header>
<identifier>oai:revistas.usp.br:article/173126</identifier>
<datestamp>2022-06-28T17:50:22Z</datestamp>
<setSpec>actafisiatrica:Art.+Rev.</setSpec>
<setSpec>driver</setSpec>
</header>
<metadata>
<record xmlns="http://www.loc.gov/MARC21/slim" xmlns:xsi="http://www.w3.org/2001/XMLSchema-instance" xsi:schemaLocation="http://www.loc.gov/MARC21/slim http://www.loc.gov/standards/marcxml/schema/MARC21slim.xsd">
<leader>     nmb a2200000Iu 4500</leader>
<controlfield tag="008">"220331 2022                        eng  "</controlfield>
<datafield tag="022" ind1="#" ind2="#">
<subfield code="$a">2317-0190</subfield>
</datafield>
<datafield tag="022" ind1="#" ind2="#">
<subfield code="$a">0104-7795</subfield>
</datafield>
<datafield tag="042" ind1=" " ind2=" ">
<subfield code="a">dc</subfield>
</datafield>
<datafield tag="245" ind1="0" ind2="0">
<subfield code="a">Possibilidades de utilização da Classificação Internacional de Funcionalidade, Incapacidade e Saúde (CIF) na saúde da criança: uma revisão sistemática</subfield>
</datafield>  <datafield tag="720" ind1="1" ind2=" ">
<subfield code="a">Pereira, Gabriela Santos</subfield>
<subfield code="u">Universidade Nove de Julho</subfield></datafield>
<datafield tag="720" ind1="1" ind2=" ">
<subfield code="a">Santos, Heyriane Martins dos</subfield>
<subfield code="u">Universidade Nove de Julho</subfield></datafield>
<datafield tag="720" ind1="1" ind2=" ">
<subfield code="a">Gonçalves, Thais Nogueira Simões</subfield>
<subfield code="u">Universidade Nove de Julho</subfield></datafield>
<datafield tag="720" ind1="1" ind2=" ">
<subfield code="a">Brandão, Thayane Correa Pereira</subfield>
<subfield code="u">Universidade Nove de Julho</subfield></datafield>
<datafield tag="720" ind1="1" ind2=" ">
<subfield code="a">Fonseca Junior, Paulo Roberto</subfield>
<subfield code="u">Universidade Nove de Julho</subfield></datafield>
<datafield tag="720" ind1="1" ind2=" ">
<subfield code="a">Silva, Soraia Micaela</subfield>
<subfield code="u">Universidade Nove de Julho</subfield></datafield>
<datafield tag="520" ind1=" " ind2=" ">
<subfield code="a"> Objetivo: Sintetizar as possibilidades de utilização da Classificação Internacional de Funcionalidade, Incapacidade e Saúde (CIF) na saúde da criança. Métodos: O processo de revisão seguiu as recomendações do PRISMA (Preferred Reporting Items for Systematic Reviews and Meta-Analyses). A revisão foi realizada nas bases de dados MEDLINE (Pubmed), LILACS e SciELO, compreendendo estudos em inglês, português ou espanhol, publicados até 2018. Resultados: Foram identificados 2375 estudos, destes, 1145 foram excluídos por duplicidade, restando 1230 para análise. Ao final, 29 artigos foram eleitos para a elaboração deste estudo. Foi possível observar grande diversidade de utilização da CIF, desde uso como desfechos de ensaios clínicos, uso do modelo biopsicossocial e uso de conceitos e categorias da CIF. Todos os componentes da CIF foram citados dentre os estudos, com maior ênfase para o componente de funções corporais e atividade e participação. Conclusões: A CIF é uma ferramenta importante e útil para a classificação da funcionalidade de crianças de forma holística em ensaios clínicos, estudos observacionais e na prática clínica. Além disso, é possível fazer acompanhamento evolutivo do desenvolvimento infantil a partir dos qualificadores da CIF. </subfield>
</datafield>
<datafield tag="260" ind1=" " ind2=" ">
<subfield code="b">Faculdade de Medicina, Universidade de São Paulo</subfield>
</datafield>
<dataField tag="260" ind1=" " ind2=" ">
<subfield code="c">2022-03-31 00:00:00</subfield>
</dataField>   <datafield tag="856" ind1=" " ind2=" ">
<subfield code="q">application/pdf</subfield>
</datafield>
<datafield tag="856" ind1="4" ind2="0">
<subfield code="u">https://www.revistas.usp.br/actafisiatrica/article/view/173126</subfield>
</datafield>  <datafield tag="786" ind1="0" ind2=" ">
<subfield code="n">Acta Fisiátrica; v. 29 n. 1 (2022)</subfield>
</datafield>  <datafield tag="546" ind1=" " ind2=" ">
<subfield code="a">por</subfield>
</datafield>   <datafield tag="540" ind1=" " ind2=" ">
<subfield code="a">Copyright (c) 2022 Acta Fisiátrica</subfield>
</datafield>
</record>
</metadata>
</record>