
<record>
<header>
<identifier>oai:revistas.usp.br:article/173136</identifier>
<datestamp>2020-11-24T18:59:27Z</datestamp>
<setSpec>actafisiatrica:Art.+Esp.</setSpec>
<setSpec>driver</setSpec>
</header>
<metadata>
<record xmlns="http://www.loc.gov/MARC21/slim" xmlns:xsi="http://www.w3.org/2001/XMLSchema-instance" xsi:schemaLocation="http://www.loc.gov/MARC21/slim http://www.loc.gov/standards/marcxml/schema/MARC21slim.xsd">
<leader>     nmb a2200000Iu 4500</leader>
<controlfield tag="008">"200331 2020                        eng  "</controlfield>
<datafield tag="022" ind1="#" ind2="#">
<subfield code="$a">2317-0190</subfield>
</datafield>
<datafield tag="022" ind1="#" ind2="#">
<subfield code="$a">0104-7795</subfield>
</datafield>
<datafield tag="042" ind1=" " ind2=" ">
<subfield code="a">dc</subfield>
</datafield>
<datafield tag="245" ind1="0" ind2="0">
<subfield code="a">Residenciais de idosos durante a crise do COVID-19: a gestão SOBRAMFA, um modelo eficaz</subfield>
</datafield>  <datafield tag="720" ind1="1" ind2=" ">
<subfield code="a">Blasco, Pablo González</subfield>
<subfield code="u">SOBRAMFA - Educação Médica e Humanismo</subfield><subfield code="0">https://www.sobramfa.com.br</subfield><subfield code="0">https://orcid.org/0000-0001-8682-8770</subfield></datafield>
<datafield tag="720" ind1="1" ind2=" ">
<subfield code="a">Levites, Marcelo Rozenfeld</subfield>
<subfield code="u">SOBRAMFA - Educação Médica e Humanismo</subfield><subfield code="0">https://orcid.org/0000-0002-2816-4432</subfield></datafield>
<datafield tag="720" ind1="1" ind2=" ">
<subfield code="a">Moreto, Graziela</subfield>
<subfield code="u">SOBRAMFA - Educação Médica e Humanismo</subfield><subfield code="0">https://orcid.org/0000-0003-0651-2595</subfield></datafield>
<datafield tag="720" ind1="1" ind2=" ">
<subfield code="a">Janaudis, Marco Aurelio</subfield>
<subfield code="u">SOBRAMFA - Educação Médica e Humanismo</subfield><subfield code="0">https://orcid.org/0000-0003-2496-232X</subfield></datafield>
<datafield tag="720" ind1="1" ind2=" ">
<subfield code="a">De Benedetto, Maria Auxiliadora Craice</subfield>
<subfield code="u">SOBRAMFA - Educação Médica e Humanismo</subfield><subfield code="0">https://orcid.org/0000-0003-3958-7438</subfield></datafield>
<datafield tag="520" ind1=" " ind2=" ">
<subfield code="a"> A atual pandemia pelo COVID-19 nos faz viver tempos difíceis e inéditos. Os esforços de todos os profissionais de saúde, cada um nas suas competências, são essenciais. Enquanto pesquisadores e cientistas se debatem procurando recursos terapêuticos eficazes, aqueles que estão na linha de frente devotam seus melhores esforços no cuidado clinico dos pacientes afetados. A cada dia que passa mostra-se imprescindível o cuidado da própria equipe de saúde. Não apenas o cuidado físico (para o qual se tomam todas as providências possíveis em cada caso) mas também da saúde mental. Um elemento da equipe de saúde desanimado, pessimista, sem perspectiva é também um fator de crise, provoca insegurança nos pacientes e nas famílias  -mais ainda da que lhes chega habitualmente da mídia - e  nada ajuda na equipe de saúde. Torna-se preciso levantar o moral dos que lidam diariamente com esta ameaça de proporções antes nunca vistas. </subfield>
</datafield>
<datafield tag="260" ind1=" " ind2=" ">
<subfield code="b">Faculdade de Medicina, Universidade de São Paulo</subfield>
</datafield>
<dataField tag="260" ind1=" " ind2=" ">
<subfield code="c">2020-03-31 00:00:00</subfield>
</dataField>   <datafield tag="856" ind1=" " ind2=" ">
<subfield code="q">application/pdf</subfield>
</datafield>
<datafield tag="856" ind1="4" ind2="0">
<subfield code="u">https://www.revistas.usp.br/actafisiatrica/article/view/173136</subfield>
</datafield>  <datafield tag="786" ind1="0" ind2=" ">
<subfield code="n">Acta Fisiátrica; v. 27 n. 1 (2020)</subfield>
</datafield>  <datafield tag="546" ind1=" " ind2=" ">
<subfield code="a">por</subfield>
</datafield>   <datafield tag="540" ind1=" " ind2=" ">
<subfield code="a">Copyright (c) 2020 Acta Fisiátrica</subfield>
</datafield>
</record>
</metadata>
</record>