
<record>
<header>
<identifier>oai:revistas.usp.br:article/173469</identifier>
<datestamp>2021-07-23T18:11:16Z</datestamp>
<setSpec>actafisiatrica:Art.+Orig.</setSpec>
<setSpec>driver</setSpec>
</header>
<metadata>
<record xmlns="http://www.loc.gov/MARC21/slim" xmlns:xsi="http://www.w3.org/2001/XMLSchema-instance" xsi:schemaLocation="http://www.loc.gov/MARC21/slim http://www.loc.gov/standards/marcxml/schema/MARC21slim.xsd">
<leader>     nmb a2200000Iu 4500</leader>
<controlfield tag="008">"210331 2021                        eng  "</controlfield>
<datafield tag="022" ind1="#" ind2="#">
<subfield code="$a">2317-0190</subfield>
</datafield>
<datafield tag="022" ind1="#" ind2="#">
<subfield code="$a">0104-7795</subfield>
</datafield>
<datafield tag="042" ind1=" " ind2=" ">
<subfield code="a">dc</subfield>
</datafield>
<datafield tag="245" ind1="0" ind2="0">
<subfield code="a">Perfil epidemiológico dos pacientes com esclerose lateral amiotrófica acompanhados na Associação de Assistência à Criança Deficiente</subfield>
</datafield>  <datafield tag="720" ind1="1" ind2=" ">
<subfield code="a">Silva, Rafael Santos Ferreira da</subfield>
<subfield code="u">Associação de Assistência à Criança Deficiente - AACD</subfield><subfield code="0">https://orcid.org/0000-0003-0987-6298</subfield></datafield>
<datafield tag="720" ind1="1" ind2=" ">
<subfield code="a">Lira, Letícia da Silva</subfield>
<subfield code="u">Associação de Assistência à Criança Deficiente - AACD</subfield><subfield code="0">https://orcid.org/0000-0001-8136-3388</subfield></datafield>
<datafield tag="720" ind1="1" ind2=" ">
<subfield code="a">Freitas, Simone Ferreira de</subfield>
<subfield code="u">Associação de Assistência à Criança Deficiente - AACD</subfield><subfield code="0">https://orcid.org/0000-0003-0728-1426</subfield></datafield>
<datafield tag="720" ind1="1" ind2=" ">
<subfield code="a">Dylewski, Viviana</subfield>
<subfield code="u">Associação de Assistência à Criança Deficiente - AACD</subfield><subfield code="0">https://orcid.org/0000-0001-7835-5619</subfield></datafield>
<datafield tag="720" ind1="1" ind2=" ">
<subfield code="a">Rocco, Fernanda Moraes</subfield>
<subfield code="u">Associação de Assistência à Criança Deficiente - AACD</subfield><subfield code="0">https://orcid.org/0000-0003-1441-8291</subfield></datafield>
<datafield tag="720" ind1="1" ind2=" ">
<subfield code="a">Oliveira, Clarissa Barros de</subfield>
<subfield code="u">Associação de Assistência à Criança Deficiente - AACD</subfield><subfield code="0">https://orcid.org/0000-0001-8644-7337</subfield></datafield>
<datafield tag="720" ind1="1" ind2=" ">
<subfield code="a">Rodrigues, Nádia Baggio Barreto</subfield>
<subfield code="u">Associação de Assistência à Criança Deficiente - AACD</subfield><subfield code="0">https://orcid.org/0000-0002-6785-7493</subfield></datafield>
<datafield tag="520" ind1=" " ind2=" ">
<subfield code="a"> A Esclerose Lateral Amiotrófica (ELA) é uma doença neurodegenerativa caracterizada por perda irreversível dos neurônios motores da medula espinal, tronco encefálico e córtex cerebral, levando à atrofia muscular, espasticidade e consequentemente à morte. Objetivo: Verificar a prevalência da ELA na Associação de Assistência à Criança Deficiente (AACD) – Unidade Ibirapuera e caracterizar os indivíduos acometidos quanto à evolução da doença durante o processo de reabilitação, a fim de traçar um perfil epidemiológico desta população. Métodos: Trata-se de um estudo retrospectivo, baseado em informações contidas em prontuário, referentes a pacientes que realizaram reabilitação durante o período de janeiro de 2008 a janeiro de 2018, sendo a busca pelos dados guiada a partir de formulário desenvolvido exclusivamente para este estudo. Resultados: A prevalência dos pacientes com ELA em tratamento na clínica de doenças neuromusculares é de 11,6%. O perfil desses pacientes é ligeiramente maior do sexo feminino de cor branca, com uma média de idade de 59 anos, sendo a hipertensão arterial sistêmica a comorbidade mais encontrada. A forma de ELA mais frequente foi a esporádica, e o medicamento mais utilizado foi o Riluzole. Houve grande variabilidade de objetivos fisioterapêuticos e aumento do uso da ventilação mecânica não invasiva. Não houve associação entre a presença de marcha na última avaliação e o tempo do paciente em fisioterapia. Conclusão: Os objetivos estão de acordo com a literatura, bem como demonstram a importância de conhecermos melhor a população para termos uma abordagem multidisciplinar mais adequada para estes pacientes. </subfield>
</datafield>
<datafield tag="260" ind1=" " ind2=" ">
<subfield code="b">Faculdade de Medicina, Universidade de São Paulo</subfield>
</datafield>
<dataField tag="260" ind1=" " ind2=" ">
<subfield code="c">2021-03-31 00:00:00</subfield>
</dataField>   <datafield tag="856" ind1=" " ind2=" ">
<subfield code="q">application/pdf</subfield>
</datafield>
<datafield tag="856" ind1="4" ind2="0">
<subfield code="u">https://www.revistas.usp.br/actafisiatrica/article/view/173469</subfield>
</datafield>  <datafield tag="786" ind1="0" ind2=" ">
<subfield code="n">Acta Fisiátrica; v. 28 n. 1 (2021)</subfield>
</datafield>  <datafield tag="546" ind1=" " ind2=" ">
<subfield code="a">por</subfield>
</datafield>   <datafield tag="540" ind1=" " ind2=" ">
<subfield code="a">Copyright (c) 2021 Acta Fisiátrica</subfield>
</datafield>
</record>
</metadata>
</record>