
<record>
<header>
<identifier>oai:revistas.usp.br:article/173528</identifier>
<datestamp>2021-07-23T18:11:16Z</datestamp>
<setSpec>actafisiatrica:Art.+Rev.</setSpec>
<setSpec>driver</setSpec>
</header>
<metadata>
<record xmlns="http://www.loc.gov/MARC21/slim" xmlns:xsi="http://www.w3.org/2001/XMLSchema-instance" xsi:schemaLocation="http://www.loc.gov/MARC21/slim http://www.loc.gov/standards/marcxml/schema/MARC21slim.xsd">
<leader>     nmb a2200000Iu 4500</leader>
<controlfield tag="008">"210331 2021                        eng  "</controlfield>
<datafield tag="022" ind1="#" ind2="#">
<subfield code="$a">2317-0190</subfield>
</datafield>
<datafield tag="022" ind1="#" ind2="#">
<subfield code="$a">0104-7795</subfield>
</datafield>
<datafield tag="042" ind1=" " ind2=" ">
<subfield code="a">dc</subfield>
</datafield>
<datafield tag="245" ind1="0" ind2="0">
<subfield code="a">O efeito da intervenção não farmacológica na densidade mineral óssea de pacientes com lesão medular: uma revisão sistemática</subfield>
</datafield>  <datafield tag="720" ind1="1" ind2=" ">
<subfield code="a">Moreira, Rickella Aparecida Alves</subfield>
<subfield code="u">Instituto de Medicina Física e Reabilitação, Hospital das Clinicas da Faculdade de Medicina da Universidade de São Paulo </subfield><subfield code="0">http://lattes.cnpq.br/9068793227810602</subfield><subfield code="0">https://orcid.org/0000-0002-9959-4384</subfield></datafield>
<datafield tag="720" ind1="1" ind2=" ">
<subfield code="a">Paiva, Natália Silveira de</subfield>
<subfield code="u">Instituto de Medicina Física e Reabilitação, Hospital das Clinicas da Faculdade de Medicina da Universidade de São Paulo </subfield><subfield code="0">https://orcid.org/0000-0002-1121-5838</subfield></datafield>
<datafield tag="720" ind1="1" ind2=" ">
<subfield code="a">Cichon, Flavio Rodrigo</subfield>
<subfield code="u">Instituto de Medicina Física e Reabilitação, Hospital das Clinicas da Faculdade de Medicina da Universidade de São Paulo </subfield><subfield code="0">https://orcid.org/0000-0002-0757-6200</subfield><subfield code="0">https://orcid.org/0000-0002-0757-6200</subfield></datafield>
<datafield tag="720" ind1="1" ind2=" ">
<subfield code="a">Imamura, Marta </subfield>
<subfield code="u">Instituto de Medicina Física e Reabilitação, Hospital das Clinicas da Faculdade de Medicina da Universidade de São Paulo</subfield><subfield code="0">https://orcid.org/0000-0003-0355-9697</subfield><subfield code="0">https://orcid.org/0000-0003-0355-9697</subfield></datafield>
<datafield tag="720" ind1="1" ind2=" ">
<subfield code="a">Souza , Daniel Rubio de</subfield>
<subfield code="u">Instituto de Medicina Física e Reabilitação, Hospital das Clinicas da Faculdade de Medicina da Universidade de São Paulo </subfield><subfield code="0">https://orcid.org/0000-0003-0207-9800</subfield></datafield>
<datafield tag="520" ind1=" " ind2=" ">
<subfield code="a"> Objetivo: Avaliar os efeitos das medidas não farmacológicas na prevenção de perda ou no aumento da densidade mineral óssea de pacientes com lesão medular. Método: Revisão sistemática usando as bases de dados Medline, Embase, Cochrane Library e Lilacs com pesquisa entre 2009 e junho de 2019. Resultados: Foram encontrados 801 artigos dos quais foram selecionados, de acordo com os critérios de inclusão e exclusão, 15 artigos: 8 Estudos Clínicos Randomizados (ECR), 5 Estudos de Intervenção e 2 Revisões Sistemáticas. Conclusão: As evidências do uso de terapias não farmacológicas para prevenção e tratamento da osteoporose em LM são fracas e seus estudos contêm inúmeros vieses impossibilitando conclusões definitivas. O FES é a modalidade mais estudada e seu uso pode ser benéfico tanto para prevenção como para o tratamento da perda de massa óssea. Os resultados são observados com um uso frequente (5 sessões semanais) e associado a atividades físicas em especial as que promovam maior resistência muscular. Destacamos também que o retardo na perda de massa óssea está circunscrito ao período de aplicação, cessando após o término do mesmo. A associação de eletroestimulação e exercícios parece potencializar a ação medicamentosa, mas mais estudos são necessários para ratificar esta impressão. Intervenções não farmacológicas como o ortostatismo, atividades físicas, treino de marcha e a eletroestimulação são estratégias de baixo custo, baixo risco, poucos efeitos colaterais e com inúmeros outros benefícios na reabilitação de lesados medulares. Por isso, ainda que não tenhamos evidências consistentes de ação na massa óssea, estão fortemente recomendados. </subfield>
</datafield>
<datafield tag="260" ind1=" " ind2=" ">
<subfield code="b">Faculdade de Medicina, Universidade de São Paulo</subfield>
</datafield>
<dataField tag="260" ind1=" " ind2=" ">
<subfield code="c">2021-03-31 00:00:00</subfield>
</dataField>   <datafield tag="856" ind1=" " ind2=" ">
<subfield code="q">application/pdf</subfield>
</datafield>
<datafield tag="856" ind1="4" ind2="0">
<subfield code="u">https://www.revistas.usp.br/actafisiatrica/article/view/173528</subfield>
</datafield>  <datafield tag="786" ind1="0" ind2=" ">
<subfield code="n">Acta Fisiátrica; v. 28 n. 1 (2021)</subfield>
</datafield>  <datafield tag="546" ind1=" " ind2=" ">
<subfield code="a">por</subfield>
</datafield>   <datafield tag="540" ind1=" " ind2=" ">
<subfield code="a">Copyright (c) 2021 Acta Fisiátrica</subfield>
</datafield>
</record>
</metadata>
</record>
<resumptionToken expirationDate="2023-08-08T14:50:31Z" completeListSize="935" cursor="750">eb567504699f687d8f4e6253d5534484</resumptionToken>
</ListRecords>
</OAI-PMH> 